0.0,0.0,3.767,24.2,1717883672700
0.0,0.0,3.746,24.2,1717883673108
0.0,0.0,3.746,24.2,1717883673128
0.0,0.0,3.767,24.2,1717883673191
0.0,0.0,3.767,24.2,1717883673258
0.0,0.0,3.767,24.2,1717883673334
0.0,0.0,3.767,24.0,1717883673400
0.0,0.0,3.767,24.0,1717883673469
0.0,0.0,3.756,24.0,1717883673541
0.0,0.0,3.746,24.0,1717883673613
0.0,0.0,3.746,24.0,1717883673683
0.0,0.0,3.746,24.0,1717883673821
0.0,0.0,3.746,24.0,1717883673888
0.0,0.0,3.746,24.0,1717883673958
0.0,0.0,3.746,24.0,1717883674029
0.0,0.0,3.746,24.0,1717883674109
0.0,0.0,3.736,24.0,1717883674169
0.0,0.0,3.736,24.0,1717883674238
0.0,0.0,3.725,24.0,1717883674311
0.0,0.0,3.725,24.0,1717883674394
0.0,0.0,3.725,24.0,1717883674470
0.0,0.0,3.725,24.0,1717883674549
0.0,0.0,3.725,24.0,1717883674590
0.0,0.0,3.725,24.0,1717883674661
0.0,0.0,3.725,24.0,1717883674730
0.0,0.0,3.725,24.0,1717883674798
0.0,0.0,3.715,24.0,1717883674870
0.0,0.0,3.715,24.0,1717883674939
0.0,0.0,3.725,24.0,1717883675013
0.0,0.0,3.725,24.0,1717883675085
0.0,0.0,3.725,24.0,1717883675149
0.0,0.0,3.736,24.0,1717883675239
0.0,0.0,3.736,24.0,1717883675331
0.0,0.0,3.736,24.0,1717883675363
0.0,0.0,3.736,24.0,1717883675430
0.0,0.0,3.736,24.0,1717883675499
0.0,0.0,3.736,24.0,1717883675568
0.0,0.0,3.746,24.0,1717883675641
0.0,0.0,3.746,24.0,1717883675713
0.0,0.0,3.746,24.0,1717883675785
0.0,0.0,3.746,24.0,1717883675850
0.0,0.0,3.746,24.0,1717883675927
0.0,0.0,3.746,24.0,1717883675991
0.0,0.0,3.746,24.0,1717883676063
0.0,0.0,3.736,24.0,1717883676133
0.0,0.0,3.746,24.0,1717883676200
0.0,0.0,3.736,24.0,1717883676269
0.0,0.0,3.746,24.0,1717883676344
0.0,0.0,3.736,23.8,1717883676412
0.0,0.0,3.736,23.8,1717883676481
0.0,0.0,3.746,23.8,1717883676551
0.0,0.0,3.746,23.8,1717883676633
0.0,0.0,3.746,23.8,1717883676722
0.0,0.0,3.746,23.8,1717883676763
0.0,0.0,3.746,23.8,1717883676832
0.0,0.0,3.746,23.8,1717883676909
0.0,0.0,3.746,23.8,1717883676979
0.0,0.0,3.736,23.8,1717883677039
0.0,0.0,3.736,23.8,1717883677114
0.0,0.0,3.725,23.8,1717883677186
0.0,0.0,3.725,23.8,1717883677246
0.0,0.0,3.725,23.8,1717883677320
0.0,0.0,3.725,23.8,1717883677389
0.0,0.0,3.715,23.8,1717883677461
0.0,0.0,3.715,23.8,1717883677531
0.0,0.0,3.725,23.8,1717883677603
0.0,0.0,3.725,23.8,1717883677675
0.0,0.0,3.736,23.8,1717883677741
0.0,0.0,3.736,23.8,1717883677814
0.0,0.0,3.736,23.8,1717883677882
0.0,0.0,3.746,23.8,1717883677950
0.0,0.0,3.746,23.8,1717883678023
0.0,0.0,3.756,23.8,1717883678099
0.0,0.0,3.756,23.8,1717883678180
0.0,0.0,3.767,23.8,1717883678230
0.0,0.0,3.767,23.8,1717883678301
0.0,0.0,3.767,23.8,1717883678372
0.0,0.0,3.767,23.8,1717883678445
0.0,0.0,3.756,23.8,1717883678512
0.0,0.0,3.756,23.8,1717883678579
0.0,0.0,3.756,23.8,1717883678655
0.0,0.0,3.746,23.8,1717883678726
0.0,0.0,3.746,23.8,1717883678791
0.0,0.0,3.736,23.8,1717883678863
0.0,0.0,3.736,23.8,1717883678936
0.0,0.0,3.736,23.8,1717883679007
0.0,0.0,3.725,23.8,1717883679070
0.0,0.0,3.725,23.8,1717883679140
0.0,0.0,3.725,23.8,1717883679207
0.0,0.0,3.725,23.8,1717883679276
0.0,0.0,3.725,23.8,1717883679359
0.0,0.0,3.725,23.8,1717883679418
0.0,0.0,3.725,23.8,1717883679502
0.0,0.0,3.736,23.8,1717883679561
0.0,0.0,3.736,23.8,1717883679638
0.0,0.0,3.746,23.8,1717883679705
0.0,0.0,3.746,23.8,1717883679771
0.0,0.0,3.746,23.8,1717883679839
0.0,0.0,3.746,23.8,1717883679917
0.0,0.0,3.746,23.8,1717883679981
0.0,0.0,3.756,23.8,1717883680049
0.0,0.0,3.756,23.8,1717883680118
0.0,0.0,3.756,23.8,1717883680189
0.0,0.0,3.756,23.8,1717883680262
0.0,0.0,3.746,23.8,1717883680341
0.0,0.0,3.736,23.8,1717883680403
0.0,0.0,3.736,23.8,1717883680478
0.0,0.0,3.725,23.8,1717883680541
0.0,0.0,3.725,23.8,1717883680614
0.0,0.0,3.725,23.8,1717883680681
0.0,0.0,3.725,23.8,1717883680751
0.0,0.0,3.746,23.8,1717883680824
0.0,0.0,3.746,23.8,1717883680887
0.0,0.0,3.746,23.8,1717883680963
0.0,0.0,3.746,23.8,1717883681031
0.0,0.0,3.756,23.8,1717883681110
0.0,0.0,3.767,23.8,1717883681187
0.0,0.0,3.777,23.8,1717883681240
0.0,0.0,3.777,23.8,1717883681311
0.0,0.0,3.788,23.8,1717883681378
0.0,0.0,3.788,23.8,1717883681453
0.0,0.0,3.777,23.8,1717883681527
0.0,0.0,3.777,23.8,1717883681590
0.0,0.0,3.767,23.8,1717883681664
0.0,0.0,3.756,23.8,1717883681730
0.0,0.0,3.756,23.8,1717883681830
0.0,0.0,3.756,23.8,1717883681868
0.0,0.0,3.746,23.8,1717883681937
0.0,0.0,3.736,23.8,1717883682011
0.0,0.0,3.736,23.8,1717883682078
0.0,0.0,3.725,23.8,1717883682148
0.0,0.0,3.725,23.8,1717883682219
0.0,0.0,3.725,23.8,1717883682292
0.0,0.0,3.725,23.8,1717883682368
0.0,0.0,3.736,23.6,1717883682432
0.0,0.0,3.736,23.6,1717883682503
0.0,0.0,3.736,23.6,1717883682571
0.0,0.0,3.756,23.6,1717883682645
0.0,0.0,3.756,23.6,1717883682719
0.0,0.0,3.767,23.6,1717883682782
0.0,0.0,3.767,23.6,1717883682852
0.0,0.0,3.767,23.6,1717883682919
0.0,0.0,3.777,23.6,1717883682989
0.0,0.0,3.777,23.6,1717883683064
0.0,0.0,3.777,23.6,1717883683130
0.0,0.0,3.767,23.6,1717883683199
0.0,0.0,3.756,23.6,1717883683305
0.0,0.0,3.756,23.6,1717883683346
0.0,0.0,3.756,23.6,1717883683415
0.0,0.0,3.756,23.6,1717883683483
0.0,0.0,3.746,23.6,1717883683551
0.0,0.0,3.746,23.6,1717883683618
0.0,0.0,3.746,23.6,1717883683688
0.0,0.0,3.746,23.6,1717883683759
0.0,0.0,3.736,23.6,1717883683828
0.0,0.0,3.736,23.6,1717883683898
0.0,0.0,3.736,23.6,1717883683973
0.0,0.0,3.736,23.6,1717883684045
0.0,0.0,3.736,23.6,1717883684111
0.0,0.0,3.736,23.6,1717883684178
0.0,0.0,3.736,23.6,1717883684251
0.0,0.0,3.736,23.6,1717883684320
0.0,0.0,3.746,23.6,1717883684397
0.0,0.0,3.746,23.6,1717883684461
0.0,0.0,3.746,23.6,1717883684528
0.0,0.0,3.746,23.6,1717883684601
0.0,0.0,3.756,23.6,1717883684669
0.0,0.0,3.756,23.6,1717883684741
0.0,0.0,3.756,23.6,1717883684812
0.0,0.0,3.767,23.6,1717883684883
0.0,0.0,3.767,23.6,1717883684949
0.0,0.0,3.777,23.6,1717883685019
0.0,0.0,3.777,23.6,1717883685087
0.0,0.0,3.777,23.6,1717883685166
0.0,0.0,3.777,23.6,1717883685233
0.0,0.0,3.777,23.6,1717883685314
0.0,0.0,3.788,23.6,1717883685370
0.0,0.0,3.788,23.6,1717883685460
0.0,0.0,3.788,23.6,1717883685543
0.0,0.0,3.788,23.6,1717883685580
0.0,0.0,3.788,23.6,1717883685645
0.0,0.0,3.777,23.6,1717883685718
0.0,0.0,3.777,23.6,1717883685789
0.0,0.0,3.767,23.6,1717883685863
0.0,0.0,3.777,23.6,1717883685928
0.0,0.0,3.767,23.6,1717883686000
0.0,0.0,3.767,23.6,1717883686075
0.0,0.0,3.777,23.6,1717883686141
0.0,0.0,3.767,23.6,1717883686214
0.0,0.0,3.756,23.6,1717883686278
0.0,0.0,3.756,23.6,1717883686350
0.0,0.0,3.756,23.6,1717883686421
0.0,0.0,3.756,23.6,1717883686493
0.0,0.0,3.756,23.6,1717883686561
0.0,0.0,3.756,23.6,1717883686631
0.0,0.0,3.756,23.6,1717883686706
0.0,0.0,3.756,23.6,1717883686769
0.0,0.0,3.756,23.6,1717883686839
0.0,0.0,3.756,23.6,1717883686910
0.0,0.0,3.767,23.6,1717883686986
0.0,0.0,3.767,23.6,1717883687051
0.0,0.0,3.777,23.6,1717883687121
0.0,0.0,3.767,23.6,1717883687188
0.0,0.0,3.767,23.6,1717883687262
0.0,0.0,3.767,23.6,1717883687328
0.0,0.0,3.767,23.6,1717883687398
0.0,0.0,3.767,23.6,1717883687471
0.0,0.0,3.767,23.6,1717883687539
0.0,0.0,3.767,23.6,1717883687633
0.0,0.0,3.756,23.6,1717883687707
0.0,0.0,3.756,23.6,1717883687749
0.0,0.0,3.756,23.6,1717883687890
0.0,0.0,3.746,23.6,1717883688008
0.0,0.0,3.736,23.6,1717883688031
0.0,0.0,3.736,23.6,1717883688130
0.0,0.0,3.736,23.6,1717883688178
0.0,0.0,3.736,23.6,1717883688240
0.0,0.0,3.736,23.6,1717883688308
0.0,0.0,3.736,23.6,1717883688421
0.0,0.0,3.725,23.6,1717883688451
0.0,0.0,3.715,23.4,1717883688537
0.0,0.0,3.725,23.4,1717883688630
0.0,0.0,3.725,23.4,1717883688661
0.0,0.0,3.725,23.4,1717883688739
0.0,0.0,3.715,23.4,1717883688798
0.0,0.0,3.725,23.4,1717883688907
0.0,0.0,3.725,23.4,1717883688944
0.0,0.0,3.725,23.4,1717883689032
0.0,0.0,3.725,23.4,1717883689153
0.0,0.0,3.725,23.4,1717883689155
0.0,0.0,3.725,23.4,1717883689252
0.0,0.0,3.736,23.4,1717883689290
0.0,0.0,3.736,23.4,1717883689359
0.0,0.0,3.725,23.4,1717883689430
0.0,0.0,3.725,23.4,1717883689500
0.0,0.0,3.725,23.4,1717883689572
0.0,0.0,3.725,23.4,1717883689641
0.0,0.0,3.725,23.4,1717883689709
0.0,0.0,3.725,23.4,1717883689789
0.0,0.0,3.725,23.4,1717883689853
0.0,0.0,3.725,23.4,1717883689941
0.0,0.0,3.725,23.4,1717883689990
0.0,0.0,3.725,23.4,1717883690058
0.0,0.0,3.715,23.4,1717883690131
0.0,0.0,3.715,23.4,1717883690205
0.0,0.0,3.715,23.4,1717883690273
0.0,0.0,3.715,23.4,1717883690340
0.0,0.0,3.715,23.4,1717883690411
0.0,0.0,3.715,23.4,1717883690485
0.0,0.0,3.715,23.4,1717883690551
0.0,0.0,3.715,23.4,1717883690641
0.0,0.0,3.715,23.4,1717883690705
0.0,0.0,3.715,23.4,1717883690763
0.0,0.0,3.725,23.4,1717883690836
0.0,0.0,3.736,23.4,1717883690899
0.0,0.0,3.736,23.4,1717883690967
0.0,0.0,3.746,23.4,1717883691039
0.0,0.0,3.746,23.4,1717883691116
0.0,0.0,3.746,23.4,1717883691181
0.0,0.0,3.756,23.4,1717883691267
0.0,0.0,3.767,23.4,1717883691351
0.0,0.0,3.767,23.4,1717883691394
0.0,0.0,3.767,23.4,1717883691467
0.0,0.0,3.767,23.4,1717883691529
0.0,0.0,3.767,23.4,1717883691600
0.0,0.0,3.767,23.4,1717883691667
0.0,0.0,3.767,23.4,1717883691746
0.0,0.0,3.767,23.4,1717883691811
0.0,0.0,3.777,23.4,1717883691884
0.0,0.0,3.777,23.4,1717883691952
0.0,0.0,3.767,23.4,1717883692019
0.0,0.0,3.767,23.4,1717883692092
0.0,0.0,3.756,23.4,1717883692163
0.0,0.0,3.756,23.4,1717883692229
0.0,0.0,3.756,23.4,1717883692307
0.0,0.0,3.746,23.4,1717883692371
0.0,0.0,3.746,23.4,1717883692438
0.0,0.0,3.756,23.4,1717883692510
0.0,0.0,3.756,23.4,1717883692581
0.0,0.0,3.756,23.4,1717883692651
0.0,0.0,3.767,23.4,1717883692740
0.0,0.0,3.777,23.4,1717883692825
0.0,0.0,3.777,23.4,1717883692864
0.0,0.0,3.798,23.4,1717883692934
0.0,0.0,3.808,23.4,1717883693007
0.0,0.0,3.808,23.4,1717883693073
0.0,0.0,3.829,23.4,1717883693150
0.0,0.0,3.84,23.4,1717883693214
0.0,0.0,3.85,23.4,1717883693283
0.0,0.0,3.85,23.4,1717883693352
0.0,0.0,3.85,23.4,1717883693420
0.0,0.0,3.861,23.4,1717883693491
0.0,0.0,3.85,23.4,1717883693562
0.0,0.0,3.84,23.4,1717883693632
0.0,0.0,3.84,23.4,1717883693702
0.0,0.0,3.829,23.4,1717883693775
0.0,0.0,3.819,23.4,1717883693840
0.0,0.0,3.808,23.4,1717883693916
0.0,0.0,3.798,23.4,1717883693982
0.0,0.0,3.798,23.4,1717883694056
0.0,0.0,3.788,23.4,1717883694118
0.0,0.0,3.788,23.4,1717883694196
0.0,0.0,3.788,23.4,1717883694264
0.0,0.0,3.777,23.4,1717883694330
0.0,0.0,3.777,23.4,1717883694400
0.0,0.0,3.767,23.2,1717883694472
0.0,0.0,3.777,23.2,1717883694541
0.0,0.0,3.777,23.2,1717883694614
0.0,0.0,3.788,23.2,1717883694681
0.0,0.0,3.788,23.2,1717883694756
0.0,0.0,3.788,23.2,1717883694827
0.0,0.0,3.808,23.2,1717883694888
0.0,0.0,3.819,23.2,1717883694972
0.0,0.0,3.819,23.2,1717883695040
0.0,0.0,3.829,23.2,1717883695101
0.0,0.0,3.85,23.2,1717883695170
0.0,0.0,3.871,23.2,1717883695244
0.0,0.0,3.881,23.2,1717883695306
0.0,0.0,3.892,23.2,1717883695380
0.0,0.0,3.881,23.2,1717883695451
0.0,0.0,3.881,23.2,1717883695522
0.0,0.0,3.871,23.2,1717883695589
0.0,0.0,3.881,23.2,1717883695676
0.0,0.0,3.871,23.2,1717883695753
0.0,0.0,3.861,23.2,1717883695806
0.0,0.0,3.85,23.2,1717883695872
0.0,0.0,3.85,23.2,1717883695940
0.0,0.0,3.829,23.2,1717883696009
0.0,0.0,3.808,23.2,1717883696081
0.0,0.0,3.808,23.2,1717883696150
0.0,0.0,3.798,23.2,1717883696233
0.0,0.0,3.819,23.2,1717883696289
0.0,0.0,3.829,23.2,1717883696372
0.0,0.0,3.85,23.2,1717883696452
0.0,0.0,3.861,23.2,1717883696504
0.0,0.0,3.861,23.2,1717883696571
0.0,0.0,3.861,23.2,1717883696646
0.0,0.0,3.871,23.2,1717883696711
0.0,0.0,3.871,23.2,1717883696782
0.0,0.0,3.892,23.2,1717883696849
0.0,0.0,3.892,23.2,1717883696922
0.0,0.0,3.881,23.2,1717883696996
0.0,0.0,3.871,23.2,1717883697062
0.0,0.0,3.85,23.2,1717883697146
0.0,0.0,3.84,23.2,1717883697226
0.0,0.0,3.829,23.2,1717883697272
0.0,0.0,3.819,23.2,1717883697339
0.0,0.0,3.819,23.2,1717883697409
0.0,0.0,3.798,23.2,1717883697479
0.0,0.0,3.788,23.2,1717883697550
0.0,0.0,3.788,23.2,1717883697624
35.162391662597656,139.61497497558594,3.788,23.2,1717883697624
0.0,0.0,3.777,23.2,1717883697694
0.0,0.0,3.788,23.2,1717883697759
0.0,0.0,3.819,23.2,1717883697833
0.0,0.0,3.829,23.2,1717883697901
0.0,0.0,3.829,23.2,1717883697971
0.0,0.0,3.829,23.2,1717883698044
0.0,0.0,3.829,23.2,1717883698108
0.0,0.0,3.85,23.2,1717883698181
0.0,0.0,3.861,23.2,1717883698250
0.0,0.0,3.861,23.2,1717883698322
0.0,0.0,3.871,23.2,1717883698390
0.0,0.0,3.871,23.2,1717883698463
0.0,0.0,3.871,23.2,1717883698530
0.0,0.0,3.861,23.2,1717883698611
0.0,0.0,3.85,23.2,1717883698680
0.0,0.0,3.84,23.2,1717883698744
0.0,0.0,3.85,23.2,1717883698820
0.0,0.0,3.85,23.2,1717883698904
0.0,0.0,3.84,23.2,1717883698949
0.0,0.0,3.84,23.2,1717883699020
0.0,0.0,3.829,23.2,1717883699090
0.0,0.0,3.819,23.2,1717883699158
0.0,0.0,3.808,23.2,1717883699235
0.0,0.0,3.798,23.2,1717883699300
0.0,0.0,3.798,23.2,1717883699379
0.0,0.0,3.798,23.2,1717883699439
35.162410736083984,139.6149444580078,3.798,23.2,1717883699439
0.0,0.0,3.788,23.2,1717883699512
0.0,0.0,3.788,23.2,1717883699580
0.0,0.0,3.788,23.2,1717883699651
0.0,0.0,3.777,23.2,1717883699721
0.0,0.0,3.788,23.2,1717883699791
0.0,0.0,3.798,23.2,1717883699860
0.0,0.0,3.819,23.2,1717883699929
0.0,0.0,3.819,23.2,1717883699998
0.0,0.0,3.819,23.2,1717883700071
0.0,0.0,3.829,23.2,1717883700139
0.0,0.0,3.84,23.2,1717883700208
0.0,0.0,3.85,23.2,1717883700283
0.0,0.0,3.85,23.2,1717883700352
0.0,0.0,3.85,23.2,1717883700424
0.0,0.0,3.85,23.2,1717883700488
0.0,0.0,3.861,23.2,1717883700563
0.0,0.0,3.84,23.2,1717883700630
0.0,0.0,3.829,23.2,1717883700738
0.0,0.0,3.808,23.2,1717883700769
0.0,0.0,3.798,23.2,1717883700841
0.0,0.0,3.777,23.2,1717883700913
0.0,0.0,3.777,23.2,1717883700977
0.0,0.0,3.756,23.2,1717883701050
0.0,0.0,3.746,23.2,1717883701120
0.0,0.0,3.746,23.2,1717883701192
35.16241455078125,139.614990234375,3.746,23.2,1717883701192
0.0,0.0,3.746,23.2,1717883701264
0.0,0.0,3.736,23.2,1717883701331
0.0,0.0,3.725,23.2,1717883701402
0.0,0.0,3.736,23.2,1717883701472
0.0,0.0,3.736,23.2,1717883701542
0.0,0.0,3.746,23.2,1717883701610
0.0,0.0,3.746,23.2,1717883701678
0.0,0.0,3.767,23.2,1717883701748
0.0,0.0,3.767,23.2,1717883701827
0.0,0.0,3.767,23.2,1717883701893
0.0,0.0,3.756,23.2,1717883701966
0.0,0.0,3.746,23.2,1717883702032
0.0,0.0,3.736,23.2,1717883702100
0.0,0.0,3.746,23.2,1717883702216
35.16243362426758,139.61497497558594,3.746,23.2,1717883702216
0.0,0.0,3.736,23.2,1717883702249
0.0,0.0,3.715,23.2,1717883702325
0.0,0.0,3.715,23.2,1717883702384
0.0,0.0,3.694,23.2,1717883702447
0.0,0.0,3.673,23.2,1717883702521
0.0,0.0,3.663,23.2,1717883702590
0.0,0.0,3.673,23.2,1717883702658
0.0,0.0,3.663,23.2,1717883702736
0.0,0.0,3.652,23.2,1717883702803
0.0,0.0,3.673,23.2,1717883702868
0.0,0.0,3.673,23.2,1717883702967
0.0,0.0,3.673,23.2,1717883703010
0.0,0.0,3.694,23.2,1717883703079
0.0,0.0,3.704,23.2,1717883703151
35.16245651245117,139.61495971679688,3.704,23.2,1717883703151
0.0,0.0,3.704,23.2,1717883703218
0.0,0.0,3.715,23.2,1717883703290
0.0,0.0,3.725,23.2,1717883703364
0.0,0.0,3.715,23.2,1717883703432
0.0,0.0,3.715,23.2,1717883703502
0.0,0.0,3.715,23.2,1717883703572
0.0,0.0,3.704,23.2,1717883703660
0.0,0.0,3.704,23.2,1717883703739
0.0,0.0,3.684,23.2,1717883703779
0.0,0.0,3.684,23.2,1717883703852
0.0,0.0,3.663,23.2,1717883703920
0.0,0.0,3.652,23.2,1717883703988
0.0,0.0,3.642,23.2,1717883704065
0.0,0.0,3.632,23.2,1717883704131
0.0,0.0,3.611,23.2,1717883704215
35.1624641418457,139.61495971679688,3.611,23.2,1717883704215
0.0,0.0,3.6,23.2,1717883704268
0.0,0.0,3.58,23.2,1717883704338
0.0,0.0,3.559,23.2,1717883704409
0.0,0.0,3.548,23.2,1717883704478
0.0,0.0,3.527,23.2,1717883704549
0.0,0.0,3.496,23.2,1717883704618
0.0,0.0,3.496,23.2,1717883704689
0.0,0.0,3.475,23.2,1717883704756
0.0,0.0,3.444,23.2,1717883704833
0.0,0.0,3.413,23.2,1717883704902
0.0,0.0,3.382,23.2,1717883704973
0.0,0.0,3.361,23.2,1717883705041
0.0,0.0,3.34,23.2,1717883705109
0.0,0.0,3.34,23.2,1717883705178
0.0,0.0,3.34,23.2,1717883705262
0.0,0.0,3.351,23.2,1717883705322
0.0,0.0,3.361,23.2,1717883705389
0.0,0.0,3.34,23.2,1717883705462
0.0,0.0,3.33,23.2,1717883705530
0.0,0.0,3.351,23.2,1717883705599
0.0,0.0,3.371,23.2,1717883705673
0.0,0.0,3.413,23.2,1717883705741
0.0,0.0,3.423,23.2,1717883705808
0.0,0.0,3.475,23.2,1717883705895
0.0,0.0,3.517,23.2,1717883705969
0.0,0.0,3.548,23.2,1717883706019
0.0,0.0,3.548,23.2,1717883706089
0.0,0.0,3.548,23.2,1717883706158
35.16248321533203,139.61497497558594,3.548,23.2,1717883706158
0.0,0.0,3.538,23.2,1717883706230
0.0,0.0,3.58,23.2,1717883706308
0.0,0.0,3.611,23.2,1717883706369
0.0,0.0,3.611,23.2,1717883706437
0.0,0.0,3.59,23.2,1717883706511
0.0,0.0,3.559,23.2,1717883706578
0.0,0.0,3.559,23.2,1717883706644
0.0,0.0,3.517,23.2,1717883706732
0.0,0.0,3.507,23.2,1717883706789
0.0,0.0,3.496,23.2,1717883706865
0.0,0.0,3.496,23.2,1717883706926
0.0,0.0,3.496,23.2,1717883707001
0.0,0.0,3.496,23.2,1717883707067
0.0,0.0,3.475,23.2,1717883707141
0.0,0.0,3.455,23.2,1717883707210
35.16249465942383,139.61497497558594,3.455,23.2,1717883707210
0.0,0.0,3.444,23.2,1717883707304
0.0,0.0,3.465,23.2,1717883707419
0.0,0.0,3.475,23.2,1717883707488
0.0,0.0,3.465,23.2,1717883707561
0.0,0.0,3.423,23.2,1717883707633
0.0,0.0,3.444,23.2,1717883707696
0.0,0.0,3.444,23.2,1717883707768
0.0,0.0,3.455,23.2,1717883707847
0.0,0.0,3.455,23.2,1717883707914
0.0,0.0,3.465,23.2,1717883707989
0.0,0.0,3.475,23.2,1717883708051
0.0,0.0,3.486,23.2,1717883708118
0.0,0.0,3.496,23.2,1717883708187
35.162506103515625,139.61497497558594,3.496,23.2,1717883708187
0.0,0.0,3.517,23.2,1717883708256
0.0,0.0,3.527,23.2,1717883708328
0.0,0.0,3.559,23.2,1717883708405
0.0,0.0,3.621,23.2,1717883708470
0.0,0.0,3.642,23.2,1717883708544
0.0,0.0,3.704,23.2,1717883708607
0.0,0.0,3.725,23.2,1717883708681
0.0,0.0,3.746,23.2,1717883708750
0.0,0.0,3.756,23.2,1717883708832
0.0,0.0,3.808,23.2,1717883708913
0.0,0.0,3.85,23.2,1717883708962
0.0,0.0,3.861,23.2,1717883709030
0.0,0.0,3.861,23.2,1717883709096
0.0,0.0,3.861,23.2,1717883709172
0.0,0.0,3.861,23.2,1717883709241
0.0,0.0,3.808,23.2,1717883709310
0.0,0.0,3.808,23.2,1717883709380
0.0,0.0,3.798,23.2,1717883709481
0.0,0.0,3.798,23.2,1717883709519
0.0,0.0,3.788,23.2,1717883709590
0.0,0.0,3.798,23.2,1717883709659
0.0,0.0,3.788,23.2,1717883709728
0.0,0.0,3.788,23.2,1717883709801
0.0,0.0,3.808,23.2,1717883709874
0.0,0.0,3.808,23.2,1717883709942
0.0,0.0,3.84,23.2,1717883710011
0.0,0.0,3.85,23.2,1717883710083
0.0,0.0,3.881,23.2,1717883710155
35.16252517700195,139.61497497558594,3.881,23.2,1717883710155
0.0,0.0,3.913,23.2,1717883710246
0.0,0.0,3.923,23.2,1717883710358
0.0,0.0,3.944,23.2,1717883710427
0.0,0.0,3.954,23.2,1717883710503
0.0,0.0,3.944,23.2,1717883710571
0.0,0.0,3.954,23.2,1717883710639
0.0,0.0,3.954,23.2,1717883710708
0.0,0.0,3.954,23.2,1717883710779
0.0,0.0,3.965,23.2,1717883710853
0.0,0.0,3.944,23.2,1717883710923
0.0,0.0,3.954,23.2,1717883710988
0.0,0.0,3.965,23.2,1717883711058
0.0,0.0,3.975,23.2,1717883711166
35.16253662109375,139.61497497558594,3.975,23.2,1717883711166
0.0,0.0,3.985,23.2,1717883711200
0.0,0.0,3.985,23.2,1717883711272
0.0,0.0,3.985,23.2,1717883711342
0.0,0.0,3.996,23.2,1717883711408
0.0,0.0,3.996,23.2,1717883711481
0.0,0.0,3.996,23.2,1717883711553
0.0,0.0,4.006,23.2,1717883711620
0.0,0.0,4.027,23.2,1717883711696
0.0,0.0,4.017,23.2,1717883711767
0.0,0.0,4.037,23.2,1717883711839
0.0,0.0,4.037,23.2,1717883711902
0.0,0.0,4.027,23.2,1717883711970
0.0,0.0,4.027,23.2,1717883712044
0.0,0.0,4.027,23.2,1717883712111
0.0,0.0,4.037,23.2,1717883712193
35.16255187988281,139.61495971679688,4.037,23.2,1717883712193
0.0,0.0,4.048,23.2,1717883712250
0.0,0.0,4.058,23.2,1717883712320
0.0,0.0,4.058,23.0,1717883712407
0.0,0.0,4.048,23.0,1717883712466
0.0,0.0,4.037,23.0,1717883712546
0.0,0.0,4.048,23.0,1717883712670
0.0,0.0,4.048,23.0,1717883712772
0.0,0.0,4.017,23.0,1717883712812
0.0,0.0,4.027,23.0,1717883712910
0.0,0.0,4.027,23.0,1717883712954
0.0,0.0,4.027,23.0,1717883713020
0.0,0.0,4.006,23.0,1717883713091
0.0,0.0,4.006,23.0,1717883713239
35.16256332397461,139.61495971679688,4.006,23.0,1717883713239
0.0,0.0,3.996,23.0,1717883713260
0.0,0.0,4.006,23.0,1717883713314
0.0,0.0,4.006,23.0,1717883713415
0.0,0.0,4.017,23.0,1717883713445
0.0,0.0,4.006,23.0,1717883713518
0.0,0.0,4.017,23.0,1717883713583
0.0,0.0,4.027,23.0,1717883713684
0.0,0.0,4.017,23.0,1717883713720
0.0,0.0,4.027,23.0,1717883713805
0.0,0.0,4.027,23.0,1717883713932
0.0,0.0,4.048,23.0,1717883713939
0.0,0.0,4.048,23.0,1717883714030
0.0,0.0,4.058,23.0,1717883714078
0.0,0.0,4.058,23.0,1717883714144
0.0,0.0,4.058,23.0,1717883714212
35.162574768066406,139.6149444580078,4.058,23.0,1717883714212
0.0,0.0,4.048,23.0,1717883714299
0.0,0.0,4.048,23.0,1717883714352
0.0,0.0,4.058,23.0,1717883714422
0.0,0.0,4.069,23.0,1717883714497
0.0,0.0,4.079,23.0,1717883714561
0.0,0.0,4.089,23.0,1717883714652
0.0,0.0,4.1,23.0,1717883714730
0.0,0.0,4.1,23.0,1717883714768
0.0,0.0,4.1,23.0,1717883714842
0.0,0.0,4.1,23.0,1717883714912
0.0,0.0,4.1,23.0,1717883714980
0.0,0.0,4.1,23.0,1717883715054
0.0,0.0,4.1,23.0,1717883715121
0.0,0.0,4.121,23.0,1717883715188
35.1625862121582,139.6149444580078,4.121,23.0,1717883715188
0.0,0.0,4.121,23.0,1717883715264
0.0,0.0,4.11,23.0,1717883715336
0.0,0.0,4.121,23.0,1717883715417
0.0,0.0,4.121,23.0,1717883715545
0.0,0.0,4.121,23.0,1717883715614
0.0,0.0,4.141,23.0,1717883715682
0.0,0.0,4.162,23.0,1717883715752
0.0,0.0,4.162,23.0,1717883715825
0.0,0.0,4.194,23.0,1717883715891
0.0,0.0,4.204,23.0,1717883715960
0.0,0.0,4.225,23.0,1717883716030
0.0,0.0,4.235,23.0,1717883716101
0.0,0.0,4.246,23.0,1717883716173
35.162593841552734,139.61492919921875,4.246,23.0,1717883716173
0.0,0.0,4.235,23.0,1717883716239
0.0,0.0,4.256,23.0,1717883716311
0.0,0.0,4.256,23.0,1717883716383
0.0,0.0,4.246,23.0,1717883716452
0.0,0.0,4.225,23.0,1717883716521
0.0,0.0,4.204,23.0,1717883716588
0.0,0.0,4.194,23.0,1717883716663
0.0,0.0,4.183,23.0,1717883716731
0.0,0.0,4.152,23.0,1717883716804
0.0,0.0,4.131,23.0,1717883716871
0.0,0.0,4.121,23.0,1717883716938
0.0,0.0,4.121,23.0,1717883717009
0.0,0.0,4.121,23.0,1717883717083
0.0,0.0,4.11,23.0,1717883717150
35.162601470947266,139.6149139404297,4.11,23.0,1717883717150
0.0,0.0,4.11,23.0,1717883717220
0.0,0.0,4.121,23.0,1717883717290
0.0,0.0,4.141,23.0,1717883717358
0.0,0.0,4.173,23.0,1717883717435
0.0,0.0,4.173,23.0,1717883717503
0.0,0.0,4.204,23.0,1717883717579
0.0,0.0,4.235,23.0,1717883717664
0.0,0.0,4.246,23.0,1717883717712
0.0,0.0,4.256,23.0,1717883717787
0.0,0.0,4.256,23.0,1717883717857
0.0,0.0,4.266,23.0,1717883717920
0.0,0.0,4.256,23.0,1717883717994
0.0,0.0,4.256,23.0,1717883718063
0.0,0.0,4.256,23.0,1717883718138
0.0,0.0,4.235,23.0,1717883718203
35.16261291503906,139.6149139404297,4.235,23.0,1717883718203
0.0,0.0,4.194,23.0,1717883718291
0.0,0.0,4.194,23.0,1717883718366
0.0,0.0,4.162,23.0,1717883718415
0.0,0.0,4.162,23.0,1717883718481
0.0,0.0,4.162,23.0,1717883718553
0.0,0.0,4.162,23.0,1717883718625
0.0,0.0,4.152,23.0,1717883718691
0.0,0.0,4.141,23.0,1717883718760
0.0,0.0,4.152,23.0,1717883718835
0.0,0.0,4.131,23.0,1717883718904
0.0,0.0,4.121,23.0,1717883718974
0.0,0.0,4.141,23.0,1717883719042
0.0,0.0,4.162,23.0,1717883719116
0.0,0.0,4.173,23.0,1717883719192
35.162620544433594,139.61489868164062,4.173,23.0,1717883719192
0.0,0.0,4.183,23.0,1717883719250
0.0,0.0,4.194,23.0,1717883719323
0.0,0.0,4.204,23.0,1717883719391
0.0,0.0,4.225,23.0,1717883719461
0.0,0.0,4.225,23.0,1717883719531
0.0,0.0,4.225,23.0,1717883719599
0.0,0.0,4.235,23.0,1717883719675
0.0,0.0,4.246,23.0,1717883719741
0.0,0.0,4.235,23.0,1717883719810
0.0,0.0,4.235,23.0,1717883719888
0.0,0.0,4.246,23.0,1717883719951
0.0,0.0,4.225,23.0,1717883720023
0.0,0.0,4.225,23.0,1717883720099
0.0,0.0,4.214,23.0,1717883720162
35.162628173828125,139.61488342285156,4.214,23.0,1717883720162
0.0,0.0,4.214,23.0,1717883720231
0.0,0.0,4.194,23.0,1717883720301
0.0,0.0,4.183,23.0,1717883720373
0.0,0.0,4.194,23.0,1717883720464
0.0,0.0,4.204,23.0,1717883720544
0.0,0.0,4.204,23.0,1717883720589
0.0,0.0,4.214,23.0,1717883720650
0.0,0.0,4.225,23.0,1717883720722
0.0,0.0,4.204,23.0,1717883720792
0.0,0.0,4.214,23.0,1717883720862
0.0,0.0,4.225,23.0,1717883720930
0.0,0.0,4.225,23.0,1717883721000
0.0,0.0,4.235,23.0,1717883721068
0.0,0.0,4.235,23.0,1717883721173
0.0,0.0,4.235,23.0,1717883721211
0.0,0.0,4.214,23.0,1717883721280
0.0,0.0,4.204,23.0,1717883721349
0.0,0.0,4.194,23.0,1717883721421
0.0,0.0,4.204,23.0,1717883721491
0.0,0.0,4.204,23.0,1717883721561
0.0,0.0,4.194,23.0,1717883721639
0.0,0.0,4.194,23.0,1717883721702
0.0,0.0,4.194,23.0,1717883721770
0.0,0.0,4.183,23.0,1717883721843
0.0,0.0,4.162,23.0,1717883721946
0.0,0.0,4.162,23.0,1717883721983
0.0,0.0,4.162,23.0,1717883722051
0.0,0.0,4.173,23.0,1717883722124
0.0,0.0,4.173,23.0,1717883722196
35.16263961791992,139.61488342285156,4.173,23.0,1717883722196
0.0,0.0,4.162,23.0,1717883722261
0.0,0.0,4.152,23.0,1717883722330
0.0,0.0,4.152,23.0,1717883722400
0.0,0.0,4.162,23.0,1717883722471
0.0,0.0,4.162,23.0,1717883722537
0.0,0.0,4.162,23.0,1717883722608
0.0,0.0,4.173,23.0,1717883722682
0.0,0.0,4.183,23.0,1717883722761
0.0,0.0,4.194,23.0,1717883722822
0.0,0.0,4.194,23.0,1717883722892
0.0,0.0,4.194,23.0,1717883722962
0.0,0.0,4.183,23.0,1717883723033
0.0,0.0,4.204,23.0,1717883723105
0.0,0.0,4.214,23.0,1717883723175
0.0,0.0,4.214,23.0,1717883723243
0.0,0.0,4.214,23.0,1717883723315
0.0,0.0,4.204,23.0,1717883723448
0.0,0.0,4.214,23.0,1717883723521
0.0,0.0,4.204,23.0,1717883723591
0.0,0.0,4.204,23.0,1717883723692
0.0,0.0,4.194,23.0,1717883723728
0.0,0.0,4.204,23.0,1717883723802
0.0,0.0,4.214,23.0,1717883723870
0.0,0.0,4.214,23.0,1717883723942
0.0,0.0,4.214,23.0,1717883724015
0.0,0.0,4.204,23.0,1717883724109
0.0,0.0,4.214,23.0,1717883724152
0.0,0.0,4.194,23.0,1717883724219
35.16264724731445,139.61485290527344,4.194,23.0,1717883724219
0.0,0.0,4.194,23.0,1717883724290
0.0,0.0,4.194,23.0,1717883724364
0.0,0.0,4.173,23.0,1717883724430
0.0,0.0,4.152,23.0,1717883724500
0.0,0.0,4.141,23.0,1717883724571
0.0,0.0,4.121,23.0,1717883724652
0.0,0.0,4.1,23.0,1717883724715
0.0,0.0,4.089,23.0,1717883724780
0.0,0.0,4.079,23.0,1717883724851
0.0,0.0,4.079,23.0,1717883724920
0.0,0.0,4.069,23.0,1717883724990
0.0,0.0,4.079,23.0,1717883725063
0.0,0.0,4.089,23.0,1717883725131
0.0,0.0,4.1,23.0,1717883725202
0.0,0.0,4.121,23.0,1717883725269
0.0,0.0,4.131,23.0,1717883725342
0.0,0.0,4.141,23.0,1717883725412
0.0,0.0,4.162,23.0,1717883725478
0.0,0.0,4.183,23.0,1717883725548
0.0,0.0,4.194,23.0,1717883725619
0.0,0.0,4.204,23.0,1717883725692
0.0,0.0,4.204,23.0,1717883725765
0.0,0.0,4.204,23.0,1717883725829
0.0,0.0,4.204,23.0,1717883725903
0.0,0.0,4.204,23.0,1717883725972
0.0,0.0,4.194,23.0,1717883726042
0.0,0.0,4.183,23.0,1717883726111
0.0,0.0,4.173,23.0,1717883726184
35.162654876708984,139.61483764648438,4.173,23.0,1717883726184
0.0,0.0,4.173,23.0,1717883726255
0.0,0.0,4.173,23.0,1717883726324
0.0,0.0,4.152,23.0,1717883726396
0.0,0.0,4.152,23.0,1717883726461
0.0,0.0,4.152,23.0,1717883726528
0.0,0.0,4.152,23.0,1717883726599
0.0,0.0,4.141,23.0,1717883726671
0.0,0.0,4.141,23.0,1717883726745
0.0,0.0,4.121,23.0,1717883726810
0.0,0.0,4.1,23.0,1717883726883
0.0,0.0,4.1,23.0,1717883726949
0.0,0.0,4.11,23.0,1717883727021
0.0,0.0,4.11,23.0,1717883727099
0.0,0.0,4.1,23.0,1717883727177
0.0,0.0,4.11,23.0,1717883727232
0.0,0.0,4.1,23.0,1717883727301
0.0,0.0,4.1,23.0,1717883727376
0.0,0.0,4.11,23.0,1717883727449
0.0,0.0,4.11,23.0,1717883727508
0.0,0.0,4.121,23.0,1717883727581
0.0,0.0,4.131,23.0,1717883727651
0.0,0.0,4.141,23.0,1717883727739
0.0,0.0,4.141,23.0,1717883727821
0.0,0.0,4.141,23.0,1717883727861
0.0,0.0,4.131,23.0,1717883727930
0.0,0.0,4.152,23.0,1717883728000
0.0,0.0,4.141,23.0,1717883728073
0.0,0.0,4.141,23.0,1717883728139
0.0,0.0,4.141,23.0,1717883728211
35.16265869140625,139.6148223876953,4.141,23.0,1717883728211
0.0,0.0,4.141,23.0,1717883728278
0.0,0.0,4.141,23.0,1717883728351
0.0,0.0,4.141,23.0,1717883728425
0.0,0.0,4.131,23.0,1717883728497
0.0,0.0,4.121,23.0,1717883728559
0.0,0.0,4.131,23.0,1717883728630
0.0,0.0,4.131,23.0,1717883728701
0.0,0.0,4.131,23.0,1717883728770
0.0,0.0,4.131,23.0,1717883728842
0.0,0.0,4.141,23.0,1717883728912
0.0,0.0,4.131,23.0,1717883728988
0.0,0.0,4.131,23.0,1717883729052
0.0,0.0,4.131,23.0,1717883729125
0.0,0.0,4.121,23.0,1717883729202
0.0,0.0,4.121,23.0,1717883729281
0.0,0.0,4.131,23.0,1717883729334
0.0,0.0,4.121,23.0,1717883729401
0.0,0.0,4.121,23.0,1717883729470
0.0,0.0,4.11,23.0,1717883729544
0.0,0.0,4.1,23.0,1717883729610
0.0,0.0,4.1,23.0,1717883729680
0.0,0.0,4.1,23.0,1717883729754
0.0,0.0,4.1,23.0,1717883729820
0.0,0.0,4.11,23.0,1717883729889
0.0,0.0,4.11,23.0,1717883729962
0.0,0.0,4.11,23.0,1717883730035
0.0,0.0,4.121,23.0,1717883730104
0.0,0.0,4.121,23.0,1717883730169
35.162662506103516,139.6148223876953,4.121,23.0,1717883730169
0.0,0.0,4.121,23.0,1717883730241
0.0,0.0,4.131,23.0,1717883730314
0.0,0.0,4.131,23.0,1717883730384
0.0,0.0,4.141,23.0,1717883730450
0.0,0.0,4.141,23.0,1717883730520
0.0,0.0,4.141,23.0,1717883730594
0.0,0.0,4.152,23.0,1717883730661
0.0,0.0,4.152,23.0,1717883730729
0.0,0.0,4.152,23.0,1717883730801
0.0,0.0,4.152,23.0,1717883730872
0.0,0.0,4.141,23.0,1717883730945
0.0,0.0,4.141,23.0,1717883731012
0.0,0.0,4.152,23.0,1717883731086
0.0,0.0,4.152,23.0,1717883731151
0.0,0.0,4.141,23.0,1717883731220
0.0,0.0,4.141,23.0,1717883731292
0.0,0.0,4.141,23.0,1717883731364
0.0,0.0,4.131,23.0,1717883731453
0.0,0.0,4.131,23.0,1717883731532
0.0,0.0,4.121,23.0,1717883731570
0.0,0.0,4.121,23.0,1717883731642
0.0,0.0,4.121,23.0,1717883731711
0.0,0.0,4.121,23.0,1717883731783
0.0,0.0,4.121,23.0,1717883731853
0.0,0.0,4.11,23.0,1717883731919
0.0,0.0,4.121,23.0,1717883731993
0.0,0.0,4.121,23.0,1717883732061
0.0,0.0,4.121,23.0,1717883732140
0.0,0.0,4.11,23.0,1717883732217
0.0,0.0,4.11,23.0,1717883732270
0.0,0.0,4.121,23.0,1717883732339
0.0,0.0,4.121,23.0,1717883732412
0.0,0.0,4.121,23.0,1717883732481
0.0,0.0,4.121,23.0,1717883732555
0.0,0.0,4.1,23.0,1717883732621
0.0,0.0,4.1,23.0,1717883732694
0.0,0.0,4.11,23.0,1717883732773
0.0,0.0,4.1,23.0,1717883732835
0.0,0.0,4.1,23.0,1717883732908
0.0,0.0,4.089,23.0,1717883732990
0.0,0.0,4.089,23.0,1717883733114
0.0,0.0,4.089,23.0,1717883733184
35.16266632080078,139.61480712890625,4.089,23.0,1717883733184
0.0,0.0,4.089,23.0,1717883733250
0.0,0.0,4.089,23.0,1717883733322
0.0,0.0,4.079,23.0,1717883733392
0.0,0.0,4.079,23.0,1717883733489
0.0,0.0,4.089,23.0,1717883733533
0.0,0.0,4.089,23.0,1717883733610
0.0,0.0,4.089,23.0,1717883733672
0.0,0.0,4.089,23.0,1717883733739
0.0,0.0,4.089,23.0,1717883733811
0.0,0.0,4.1,23.0,1717883733882
0.0,0.0,4.1,23.0,1717883733953
0.0,0.0,4.1,23.0,1717883734022
0.0,0.0,4.11,23.0,1717883734091
0.0,0.0,4.11,23.0,1717883734162
0.0,0.0,4.11,23.0,1717883734234
0.0,0.0,4.131,23.0,1717883734301
0.0,0.0,4.131,23.0,1717883734370
0.0,0.0,4.131,23.0,1717883734439
0.0,0.0,4.131,23.0,1717883734521
0.0,0.0,4.131,23.0,1717883734583
0.0,0.0,4.131,23.0,1717883734649
0.0,0.0,4.131,23.0,1717883734721
0.0,0.0,4.131,23.0,1717883734797
0.0,0.0,4.131,23.0,1717883734866
0.0,0.0,4.131,23.0,1717883734929
0.0,0.0,4.131,23.0,1717883734999
0.0,0.0,4.121,23.0,1717883735073
0.0,0.0,4.121,23.0,1717883735141
35.16266632080078,139.6147918701172,4.121,23.0,1717883735141
0.0,0.0,4.131,23.0,1717883735212
0.0,0.0,4.121,23.0,1717883735282
0.0,0.0,4.121,23.0,1717883735350
0.0,0.0,4.121,23.0,1717883735420
0.0,0.0,4.121,23.0,1717883735491
0.0,0.0,4.121,23.0,1717883735560
0.0,0.0,4.121,23.0,1717883735636
0.0,0.0,4.121,23.0,1717883735725
0.0,0.0,4.131,23.0,1717883735801
0.0,0.0,4.131,23.0,1717883735847
0.0,0.0,4.121,23.0,1717883735910
0.0,0.0,4.11,23.0,1717883735981
0.0,0.0,4.11,23.0,1717883736055
0.0,0.0,4.11,23.0,1717883736122
0.0,0.0,4.11,23.0,1717883736189
0.0,0.0,4.11,23.0,1717883736260
0.0,0.0,4.11,23.0,1717883736334
0.0,0.0,4.11,23.0,1717883736402
0.0,0.0,4.11,22.8,1717883736470
0.0,0.0,4.11,22.8,1717883736539
0.0,0.0,4.11,22.8,1717883736610
0.0,0.0,4.11,22.8,1717883736679
0.0,0.0,4.121,22.8,1717883736754
0.0,0.0,4.131,22.8,1717883736821
0.0,0.0,4.131,22.8,1717883736891
0.0,0.0,4.131,22.8,1717883736963
0.0,0.0,4.131,22.8,1717883737032
0.0,0.0,4.131,22.8,1717883737103
0.0,0.0,4.121,22.8,1717883737175
35.16266632080078,139.61477661132812,4.121,22.8,1717883737175
0.0,0.0,4.121,22.8,1717883737250
0.0,0.0,4.121,22.8,1717883737315
0.0,0.0,4.11,22.8,1717883737382
0.0,0.0,4.11,22.8,1717883737450
0.0,0.0,4.11,22.8,1717883737519
0.0,0.0,4.1,22.8,1717883737591
0.0,0.0,4.089,22.8,1717883737681
0.0,0.0,4.089,22.8,1717883737730
0.0,0.0,4.089,22.8,1717883737809
0.0,0.0,4.089,22.8,1717883737872
0.0,0.0,4.1,22.8,1717883737943
0.0,0.0,4.1,22.8,1717883738024
0.0,0.0,4.1,22.8,1717883738094
0.0,0.0,4.089,22.8,1717883738153
0.0,0.0,4.089,22.8,1717883738222
0.0,0.0,4.089,22.8,1717883738289
0.0,0.0,4.089,22.8,1717883738361
0.0,0.0,4.1,22.8,1717883738430
0.0,0.0,4.1,22.8,1717883738500
0.0,0.0,4.089,22.8,1717883738570
0.0,0.0,4.089,22.8,1717883738711
0.0,0.0,4.079,22.8,1717883738780
0.0,0.0,4.069,22.8,1717883738850
0.0,0.0,4.069,22.8,1717883738917
0.0,0.0,4.069,22.8,1717883738988
0.0,0.0,4.069,22.8,1717883739061
0.0,0.0,4.069,22.8,1717883739131
0.0,0.0,4.069,22.8,1717883739201
35.16267013549805,139.61476135253906,4.069,22.8,1717883739201
0.0,0.0,4.069,22.8,1717883739270
0.0,0.0,4.048,22.8,1717883739343
0.0,0.0,4.048,22.8,1717883739415
0.0,0.0,4.048,22.8,1717883739494
0.0,0.0,4.058,22.8,1717883739572
0.0,0.0,4.069,22.8,1717883739632
0.0,0.0,4.069,22.8,1717883739693
0.0,0.0,4.069,22.8,1717883739759
0.0,0.0,4.069,22.8,1717883739828
0.0,0.0,4.069,22.8,1717883739903
0.0,0.0,4.069,22.8,1717883739970
0.0,0.0,4.069,22.8,1717883740040
0.0,0.0,4.058,22.8,1717883740116
0.0,0.0,4.069,22.8,1717883740198
0.0,0.0,4.069,22.8,1717883740277
0.0,0.0,4.069,22.8,1717883740318
0.0,0.0,4.069,22.8,1717883740393
0.0,0.0,4.058,22.8,1717883740461
0.0,0.0,4.079,22.8,1717883740528
0.0,0.0,4.079,22.8,1717883740601
0.0,0.0,4.079,22.8,1717883740670
0.0,0.0,4.079,22.8,1717883740739
0.0,0.0,4.089,22.8,1717883740811
0.0,0.0,4.1,22.8,1717883740904
0.0,0.0,4.1,22.8,1717883740985
0.0,0.0,4.1,22.8,1717883741020
0.0,0.0,4.1,22.8,1717883741090
0.0,0.0,4.1,22.8,1717883741161
0.0,0.0,4.1,22.8,1717883741230
0.0,0.0,4.1,22.8,1717883741304
0.0,0.0,4.1,22.8,1717883741374
0.0,0.0,4.11,22.8,1717883741441
0.0,0.0,4.1,22.8,1717883741519
0.0,0.0,4.1,22.8,1717883741611
0.0,0.0,4.089,22.8,1717883741650
0.0,0.0,4.089,22.8,1717883741720
0.0,0.0,4.089,22.8,1717883741791
0.0,0.0,4.089,22.8,1717883741864
0.0,0.0,4.1,22.8,1717883741931
0.0,0.0,4.1,22.8,1717883742001
0.0,0.0,4.1,22.8,1717883742070
0.0,0.0,4.1,22.8,1717883742140
0.0,0.0,4.1,22.8,1717883742214
35.16267013549805,139.61474609375,4.1,22.8,1717883742214
0.0,0.0,4.1,22.8,1717883742287
0.0,0.0,4.1,22.8,1717883742358
0.0,0.0,4.1,22.8,1717883742440
0.0,0.0,4.1,22.8,1717883742505
0.0,0.0,4.1,22.8,1717883742567
0.0,0.0,4.089,22.8,1717883742635
0.0,0.0,4.079,22.8,1717883742701
0.0,0.0,4.079,22.8,1717883742774
0.0,0.0,4.079,22.8,1717883742841
0.0,0.0,4.089,22.8,1717883742911
0.0,0.0,4.089,22.8,1717883742980
0.0,0.0,4.079,22.8,1717883743049
0.0,0.0,4.089,22.8,1717883743144
0.0,0.0,4.089,22.8,1717883743211
0.0,0.0,4.079,22.8,1717883743261
0.0,0.0,4.079,22.8,1717883743330
0.0,0.0,4.079,22.8,1717883743404
0.0,0.0,4.079,22.8,1717883743472
0.0,0.0,4.079,22.8,1717883743538
0.0,0.0,4.079,22.8,1717883743611
0.0,0.0,4.079,22.8,1717883743681
0.0,0.0,4.069,22.8,1717883743753
0.0,0.0,4.069,22.8,1717883743823
0.0,0.0,4.058,22.8,1717883743959
0.0,0.0,4.058,22.8,1717883743966
0.0,0.0,4.058,22.8,1717883744028
0.0,0.0,4.048,22.8,1717883744102
0.0,0.0,4.048,22.8,1717883744202
35.16267395019531,139.61473083496094,4.048,22.8,1717883744202
0.0,0.0,4.048,22.8,1717883744241
0.0,0.0,4.048,22.8,1717883744343
0.0,0.0,4.048,22.8,1717883744385
0.0,0.0,4.048,22.8,1717883744452
0.0,0.0,4.058,22.8,1717883744520
0.0,0.0,4.058,22.8,1717883744605
0.0,0.0,4.058,22.8,1717883744726
0.0,0.0,4.069,22.8,1717883744739
0.0,0.0,4.069,22.8,1717883744823
0.0,0.0,4.069,22.8,1717883744917
0.0,0.0,4.069,22.8,1717883744943
0.0,0.0,4.069,22.8,1717883745042
0.0,0.0,4.069,22.8,1717883745080
0.0,0.0,4.069,22.8,1717883745166
0.0,0.0,4.069,22.8,1717883745258
0.0,0.0,4.069,22.8,1717883745295
0.0,0.0,4.058,22.8,1717883745363
0.0,0.0,4.058,22.8,1717883745430
0.0,0.0,4.048,22.8,1717883745499
0.0,0.0,4.048,22.8,1717883745568
0.0,0.0,4.058,22.8,1717883745643
0.0,0.0,4.058,22.8,1717883745712
0.0,0.0,4.058,22.8,1717883745779
0.0,0.0,4.069,22.8,1717883745855
0.0,0.0,4.069,22.8,1717883745922
0.0,0.0,4.069,22.8,1717883745992
0.0,0.0,4.079,22.8,1717883746066
0.0,0.0,4.089,22.8,1717883746130
0.0,0.0,4.089,22.8,1717883746200
0.0,0.0,4.089,22.8,1717883746269
0.0,0.0,4.1,22.8,1717883746338
0.0,0.0,4.11,22.8,1717883746407
0.0,0.0,4.11,22.8,1717883746480
0.0,0.0,4.11,22.8,1717883746551
0.0,0.0,4.11,22.8,1717883746623
0.0,0.0,4.11,22.8,1717883746690
0.0,0.0,4.11,22.8,1717883746760
0.0,0.0,4.1,22.8,1717883746832
0.0,0.0,4.1,22.8,1717883746908
0.0,0.0,4.089,22.8,1717883746972
0.0,0.0,4.089,22.8,1717883747044
0.0,0.0,4.1,22.8,1717883747107
0.0,0.0,4.089,22.8,1717883747180
35.16267776489258,139.61473083496094,4.089,22.8,1717883747180
0.0,0.0,4.089,22.8,1717883747248
0.0,0.0,4.089,22.8,1717883747316
0.0,0.0,4.089,22.8,1717883747391
0.0,0.0,4.079,22.8,1717883747460
0.0,0.0,4.079,22.8,1717883747535
0.0,0.0,4.079,22.8,1717883747599
0.0,0.0,4.079,22.8,1717883747673
0.0,0.0,4.089,22.8,1717883747753
0.0,0.0,4.089,22.8,1717883747809
0.0,0.0,4.089,22.8,1717883747882
0.0,0.0,4.079,22.8,1717883747954
0.0,0.0,4.089,22.8,1717883748028
0.0,0.0,4.089,22.8,1717883748092
0.0,0.0,4.089,22.8,1717883748180
0.0,0.0,4.089,22.8,1717883748256
0.0,0.0,4.079,22.8,1717883748301
0.0,0.0,4.079,22.8,1717883748367
0.0,0.0,4.069,22.8,1717883748443
0.0,0.0,4.069,22.8,1717883748510
0.0,0.0,4.058,22.8,1717883748576
0.0,0.0,4.058,22.8,1717883748648
0.0,0.0,4.048,22.8,1717883748726
0.0,0.0,4.048,22.8,1717883748799
0.0,0.0,4.037,22.8,1717883748859
0.0,0.0,4.037,22.8,1717883748931
0.0,0.0,4.037,22.8,1717883749010
0.0,0.0,4.048,22.8,1717883749090
0.0,0.0,4.037,22.8,1717883749143
0.0,0.0,4.048,22.8,1717883749213
0.0,0.0,4.037,22.8,1717883749278
0.0,0.0,4.048,22.8,1717883749353
0.0,0.0,4.048,22.8,1717883749421
0.0,0.0,4.048,22.8,1717883749491
0.0,0.0,4.048,22.8,1717883749563
0.0,0.0,4.058,22.8,1717883749632
0.0,0.0,4.058,22.8,1717883749729
0.0,0.0,4.048,22.8,1717883749808
0.0,0.0,4.048,22.8,1717883749841
0.0,0.0,4.037,22.8,1717883749912
0.0,0.0,4.048,22.8,1717883749984
0.0,0.0,4.027,22.8,1717883750049
0.0,0.0,4.027,22.8,1717883750122
0.0,0.0,4.027,22.8,1717883750192
0.0,0.0,4.017,22.8,1717883750259
0.0,0.0,4.017,22.8,1717883750329
0.0,0.0,4.027,22.8,1717883750398
0.0,0.0,4.027,22.8,1717883750471
0.0,0.0,4.017,22.8,1717883750544
0.0,0.0,4.027,22.8,1717883750615
0.0,0.0,4.027,22.8,1717883750683
0.0,0.0,4.037,22.8,1717883750756
0.0,0.0,4.037,22.8,1717883750819
0.0,0.0,4.037,22.8,1717883750899
0.0,0.0,4.037,22.8,1717883750964
0.0,0.0,4.048,22.8,1717883751037
0.0,0.0,4.048,22.8,1717883751131
0.0,0.0,4.048,22.8,1717883751173
0.0,0.0,4.048,22.8,1717883751238
0.0,0.0,4.048,22.8,1717883751310
0.0,0.0,4.048,22.8,1717883751386
0.0,0.0,4.058,22.8,1717883751449
0.0,0.0,4.058,22.8,1717883751520
0.0,0.0,4.058,22.8,1717883751590
0.0,0.0,4.058,22.8,1717883751662
0.0,0.0,4.058,22.8,1717883751728
0.0,0.0,4.058,22.8,1717883751823
0.0,0.0,4.048,22.8,1717883751897
0.0,0.0,4.048,22.8,1717883751944
0.0,0.0,4.058,22.8,1717883752011
0.0,0.0,4.058,22.8,1717883752081
0.0,0.0,4.058,22.8,1717883752152
35.16268539428711,139.61471557617188,4.058,22.8,1717883752152
0.0,0.0,4.058,22.8,1717883752218
0.0,0.0,4.079,22.8,1717883752289
0.0,0.0,4.079,22.8,1717883752365
0.0,0.0,4.079,22.8,1717883752434
0.0,0.0,4.089,22.8,1717883752502
0.0,0.0,4.089,22.8,1717883752571
0.0,0.0,4.089,22.8,1717883752643
0.0,0.0,4.089,22.8,1717883752720
0.0,0.0,4.1,22.8,1717883752792
0.0,0.0,4.1,22.8,1717883752854
0.0,0.0,4.11,22.8,1717883752919
0.0,0.0,4.1,22.8,1717883752994
0.0,0.0,4.1,22.8,1717883753062
0.0,0.0,4.1,22.8,1717883753129
0.0,0.0,4.1,22.8,1717883753199
0.0,0.0,4.089,22.8,1717883753277
0.0,0.0,4.089,22.8,1717883753356
0.0,0.0,4.089,22.8,1717883753410
0.0,0.0,4.089,22.8,1717883753483
0.0,0.0,4.079,22.8,1717883753550
0.0,0.0,4.079,22.8,1717883753624
0.0,0.0,4.069,22.8,1717883753687
0.0,0.0,4.069,22.8,1717883753764
0.0,0.0,4.079,22.8,1717883753829
0.0,0.0,4.089,22.8,1717883753904
0.0,0.0,4.089,22.8,1717883753970
0.0,0.0,4.089,22.8,1717883754046
0.0,0.0,4.089,22.8,1717883754132
0.0,0.0,4.089,22.8,1717883754258
0.0,0.0,4.089,22.8,1717883754322
0.0,0.0,4.089,22.8,1717883754389
0.0,0.0,4.089,22.8,1717883754464
0.0,0.0,4.089,22.8,1717883754533
0.0,0.0,4.079,22.8,1717883754604
0.0,0.0,4.079,22.8,1717883754673
0.0,0.0,4.079,22.8,1717883754737
0.0,0.0,4.069,22.8,1717883754811
0.0,0.0,4.069,22.8,1717883754883
0.0,0.0,4.069,22.8,1717883754955
0.0,0.0,4.069,22.8,1717883755023
0.0,0.0,4.069,22.8,1717883755091
0.0,0.0,4.058,22.8,1717883755166
35.162689208984375,139.6147003173828,4.058,22.8,1717883755166
0.0,0.0,4.069,22.8,1717883755232
0.0,0.0,4.069,22.8,1717883755300
0.0,0.0,4.069,22.8,1717883755373
0.0,0.0,4.069,22.8,1717883755441
0.0,0.0,4.069,22.8,1717883755543
0.0,0.0,4.069,22.8,1717883755582
0.0,0.0,4.079,22.8,1717883755654
0.0,0.0,4.079,22.8,1717883755748
0.0,0.0,4.079,22.8,1717883755791
0.0,0.0,4.079,22.8,1717883755860
0.0,0.0,4.079,22.8,1717883755932
0.0,0.0,4.069,22.8,1717883755999
0.0,0.0,4.058,22.8,1717883756070
0.0,0.0,4.058,22.8,1717883756140
0.0,0.0,4.058,22.8,1717883756212
0.0,0.0,4.058,22.8,1717883756278
0.0,0.0,4.037,22.8,1717883756348
0.0,0.0,4.037,22.8,1717883756421
0.0,0.0,4.037,22.8,1717883756490
0.0,0.0,4.037,22.8,1717883756559
0.0,0.0,4.037,22.8,1717883756628
0.0,0.0,4.037,22.8,1717883756705
0.0,0.0,4.037,22.8,1717883756771
0.0,0.0,4.037,22.8,1717883756842
0.0,0.0,4.037,22.8,1717883756911
0.0,0.0,4.037,22.8,1717883756984
0.0,0.0,4.048,22.8,1717883757051
0.0,0.0,4.048,22.8,1717883757126
0.0,0.0,4.037,22.8,1717883757190
0.0,0.0,4.037,22.8,1717883757260
0.0,0.0,4.037,22.8,1717883757330
0.0,0.0,4.048,22.8,1717883757403
0.0,0.0,4.048,22.8,1717883757471
0.0,0.0,4.048,22.8,1717883757540
0.0,0.0,4.048,22.8,1717883757619
0.0,0.0,4.048,22.8,1717883757680
0.0,0.0,4.048,22.8,1717883757747
0.0,0.0,4.048,22.8,1717883757821
0.0,0.0,4.048,22.8,1717883757894
0.0,0.0,4.058,22.8,1717883757968
0.0,0.0,4.058,22.8,1717883758032
0.0,0.0,4.048,22.8,1717883758099
0.0,0.0,4.048,22.8,1717883758166
0.0,0.0,4.048,22.8,1717883758237
0.0,0.0,4.048,22.8,1717883758308
0.0,0.0,4.048,22.8,1717883758386
0.0,0.0,4.048,22.8,1717883758467
0.0,0.0,4.048,22.8,1717883758530
0.0,0.0,4.048,22.8,1717883758593
0.0,0.0,4.048,22.8,1717883758663
0.0,0.0,4.058,22.8,1717883758731
0.0,0.0,4.048,22.8,1717883758803
0.0,0.0,4.048,22.8,1717883758868
0.0,0.0,4.048,22.8,1717883758940
0.0,0.0,4.048,22.8,1717883759010
0.0,0.0,4.048,22.8,1717883759084
0.0,0.0,4.058,22.8,1717883759151
0.0,0.0,4.058,22.8,1717883759219
0.0,0.0,4.048,22.8,1717883759290
0.0,0.0,4.058,22.8,1717883759366
0.0,0.0,4.048,22.8,1717883759430
0.0,0.0,4.048,22.8,1717883759504
0.0,0.0,4.048,22.8,1717883759572
0.0,0.0,4.048,22.8,1717883759646
0.0,0.0,4.037,22.8,1717883759715
0.0,0.0,4.037,22.8,1717883759781
0.0,0.0,4.037,22.8,1717883759853
0.0,0.0,4.037,22.8,1717883759937
0.0,0.0,4.027,22.8,1717883760019
0.0,0.0,4.027,22.8,1717883760062
0.0,0.0,4.027,22.8,1717883760128
0.0,0.0,4.006,22.8,1717883760200
0.0,0.0,4.006,22.8,1717883760270
0.0,0.0,4.006,22.8,1717883760339
0.0,0.0,4.006,22.8,1717883760415
0.0,0.0,4.006,22.8,1717883760484
0.0,0.0,4.017,22.8,1717883760548
0.0,0.0,4.017,22.8,1717883760621
0.0,0.0,4.006,22.8,1717883760692
0.0,0.0,4.006,22.8,1717883760757
0.0,0.0,4.006,22.8,1717883760830
0.0,0.0,4.017,22.8,1717883760901
0.0,0.0,4.017,22.8,1717883760967
0.0,0.0,4.027,22.8,1717883761037
0.0,0.0,4.027,22.8,1717883761111
0.0,0.0,4.027,22.8,1717883761182
35.16269302368164,139.61468505859375,4.027,22.8,1717883761182
0.0,0.0,4.037,22.8,1717883761255
0.0,0.0,4.037,22.8,1717883761349
0.0,0.0,4.037,22.8,1717883761390
0.0,0.0,4.037,22.8,1717883761458
0.0,0.0,4.048,22.8,1717883761534
0.0,0.0,4.048,22.8,1717883761608
0.0,0.0,4.048,22.8,1717883761667
0.0,0.0,4.048,22.8,1717883761741
0.0,0.0,4.048,22.8,1717883761811
0.0,0.0,4.058,22.8,1717883761883
0.0,0.0,4.058,22.8,1717883761952
0.0,0.0,4.058,22.8,1717883762020
0.0,0.0,4.058,22.8,1717883762088
0.0,0.0,4.048,22.8,1717883762163
0.0,0.0,4.037,22.8,1717883762229
0.0,0.0,4.037,22.8,1717883762303
0.0,0.0,4.037,22.8,1717883762373
0.0,0.0,4.037,22.8,1717883762443
0.0,0.0,4.037,22.8,1717883762509
0.0,0.0,4.037,22.8,1717883762586
0.0,0.0,4.027,22.8,1717883762652
0.0,0.0,4.027,22.8,1717883762719
0.0,0.0,4.027,22.8,1717883762791
0.0,0.0,4.017,22.8,1717883762863
0.0,0.0,4.017,22.8,1717883762930
0.0,0.0,4.027,22.8,1717883763000
0.0,0.0,4.027,22.8,1717883763072
0.0,0.0,4.017,22.8,1717883763146
0.0,0.0,4.006,22.8,1717883763207
0.0,0.0,4.006,22.8,1717883763280
0.0,0.0,4.006,22.8,1717883763350
0.0,0.0,4.006,22.8,1717883763421
0.0,0.0,4.006,22.8,1717883763490
0.0,0.0,4.017,22.8,1717883763583
0.0,0.0,4.006,22.8,1717883763659
0.0,0.0,4.006,22.8,1717883763703
0.0,0.0,4.006,22.8,1717883763769
0.0,0.0,4.017,22.8,1717883763838
0.0,0.0,4.017,22.8,1717883763913
0.0,0.0,4.017,22.8,1717883763980
0.0,0.0,4.017,22.8,1717883764049
0.0,0.0,4.027,22.8,1717883764118
0.0,0.0,4.017,22.8,1717883764186
0.0,0.0,4.017,22.8,1717883764261
0.0,0.0,4.027,22.8,1717883764331
0.0,0.0,4.027,22.8,1717883764397
0.0,0.0,4.027,22.8,1717883764470
0.0,0.0,4.027,22.8,1717883764544
0.0,0.0,4.027,22.8,1717883764626
0.0,0.0,4.027,22.8,1717883764679
0.0,0.0,4.027,22.8,1717883764752
0.0,0.0,4.027,22.8,1717883764820
0.0,0.0,4.027,22.8,1717883764888
0.0,0.0,4.037,22.8,1717883764996
0.0,0.0,4.037,22.8,1717883765029
0.0,0.0,4.027,22.8,1717883765103
0.0,0.0,4.027,22.8,1717883765168
35.162696838378906,139.61468505859375,4.027,22.8,1717883765168
0.0,0.0,4.027,22.8,1717883765239
0.0,0.0,4.027,22.8,1717883765313
0.0,0.0,4.017,22.8,1717883765384
0.0,0.0,4.017,22.8,1717883765452
0.0,0.0,4.017,22.8,1717883765523
0.0,0.0,4.017,22.8,1717883765589
0.0,0.0,4.017,22.8,1717883765658
0.0,0.0,4.017,22.8,1717883765731
0.0,0.0,4.017,22.8,1717883765809
0.0,0.0,4.037,22.8,1717883765873
0.0,0.0,4.037,22.8,1717883765944
0.0,0.0,4.037,22.8,1717883766010
0.0,0.0,4.037,22.8,1717883766078
0.0,0.0,4.037,22.8,1717883766151
0.0,0.0,4.037,22.8,1717883766227
0.0,0.0,4.037,22.8,1717883766290
0.0,0.0,4.037,22.8,1717883766360
0.0,0.0,4.027,22.8,1717883766430
0.0,0.0,4.017,22.8,1717883766509
0.0,0.0,4.017,22.8,1717883766591
0.0,0.0,4.017,22.8,1717883766640
0.0,0.0,4.006,22.8,1717883766706
0.0,0.0,4.006,22.8,1717883766785
0.0,0.0,4.006,22.8,1717883766849
0.0,0.0,4.006,22.8,1717883766920
0.0,0.0,4.006,22.8,1717883766990
0.0,0.0,4.006,22.8,1717883767064
0.0,0.0,4.006,22.8,1717883767150
35.16270065307617,139.6146697998047,4.006,22.8,1717883767150
0.0,0.0,4.006,22.8,1717883767227
0.0,0.0,4.017,22.8,1717883767269
0.0,0.0,4.017,22.8,1717883767340
0.0,0.0,4.017,22.8,1717883767409
0.0,0.0,4.017,22.8,1717883767480
0.0,0.0,4.017,22.8,1717883767552
0.0,0.0,4.027,22.8,1717883767645
0.0,0.0,4.027,22.8,1717883767689
0.0,0.0,4.027,22.8,1717883767762
0.0,0.0,4.027,22.8,1717883767831
0.0,0.0,4.027,22.8,1717883767970
0.0,0.0,4.027,22.8,1717883768039
0.0,0.0,4.027,22.8,1717883768109
0.0,0.0,4.027,22.8,1717883768179
0.0,0.0,4.037,22.8,1717883768251
0.0,0.0,4.048,22.8,1717883768319
0.0,0.0,4.048,22.8,1717883768390
0.0,0.0,4.058,22.8,1717883768463
0.0,0.0,4.058,22.8,1717883768535
0.0,0.0,4.069,22.8,1717883768599
0.0,0.0,4.069,22.8,1717883768691
0.0,0.0,4.069,22.8,1717883768765
0.0,0.0,4.069,22.8,1717883768810
0.0,0.0,4.069,22.8,1717883768887
0.0,0.0,4.058,22.8,1717883768953
0.0,0.0,4.058,22.8,1717883769023
0.0,0.0,4.037,22.8,1717883769090
0.0,0.0,4.027,22.8,1717883769159
35.1627082824707,139.61465454101562,4.027,22.8,1717883769159
0.0,0.0,4.017,22.8,1717883769230
0.0,0.0,4.017,22.8,1717883769301
0.0,0.0,4.006,22.8,1717883769372
0.0,0.0,4.006,22.8,1717883769439
0.0,0.0,3.996,22.8,1717883769513
0.0,0.0,3.996,22.8,1717883769582
0.0,0.0,3.996,22.8,1717883769651
0.0,0.0,3.985,22.8,1717883769717
0.0,0.0,3.996,22.8,1717883769792
0.0,0.0,3.996,22.8,1717883769859
0.0,0.0,4.017,22.8,1717883769929
0.0,0.0,4.027,22.8,1717883769998
0.0,0.0,4.027,22.8,1717883770072
0.0,0.0,4.027,22.8,1717883770143
0.0,0.0,4.037,22.8,1717883770208
0.0,0.0,4.037,22.8,1717883770278
0.0,0.0,4.048,22.8,1717883770348
0.0,0.0,4.058,22.8,1717883770417
0.0,0.0,4.058,22.8,1717883770488
0.0,0.0,4.069,22.8,1717883770558
0.0,0.0,4.069,22.8,1717883770631
0.0,0.0,4.079,22.8,1717883770701
0.0,0.0,4.079,22.8,1717883770802
0.0,0.0,4.079,22.8,1717883770839
0.0,0.0,4.089,22.8,1717883770912
0.0,0.0,4.1,22.8,1717883770984
0.0,0.0,4.121,22.8,1717883771052
0.0,0.0,4.131,22.8,1717883771121
0.0,0.0,4.131,22.8,1717883771190
35.1627197265625,139.61463928222656,4.131,22.8,1717883771190
0.0,0.0,4.131,22.8,1717883771259
0.0,0.0,4.141,22.8,1717883771330
0.0,0.0,4.131,22.8,1717883771403
0.0,0.0,4.131,22.8,1717883771469
0.0,0.0,4.121,22.8,1717883771542
0.0,0.0,4.11,22.8,1717883771631
0.0,0.0,4.11,22.8,1717883771710
0.0,0.0,4.11,22.8,1717883771751
0.0,0.0,4.11,22.8,1717883771834
0.0,0.0,4.089,22.8,1717883771891
0.0,0.0,4.089,22.8,1717883771965
0.0,0.0,4.079,22.8,1717883772028
0.0,0.0,4.058,22.8,1717883772099
0.0,0.0,4.048,22.8,1717883772172
0.0,0.0,4.058,22.8,1717883772241
0.0,0.0,4.058,22.8,1717883772309
0.0,0.0,4.058,22.8,1717883772379
0.0,0.0,4.058,22.8,1717883772448
0.0,0.0,4.069,22.8,1717883772524
0.0,0.0,4.058,22.8,1717883772591
0.0,0.0,4.058,22.8,1717883772659
0.0,0.0,4.079,22.8,1717883772736
0.0,0.0,4.069,22.8,1717883772805
0.0,0.0,4.079,22.8,1717883772870
0.0,0.0,4.089,22.8,1717883772941
0.0,0.0,4.089,22.8,1717883773014
0.0,0.0,4.089,22.8,1717883773082
0.0,0.0,4.079,22.8,1717883773154
35.1627311706543,139.6146240234375,4.079,22.8,1717883773154
0.0,0.0,4.079,22.8,1717883773221
0.0,0.0,4.058,22.8,1717883773294
0.0,0.0,4.048,22.8,1717883773359
0.0,0.0,4.048,22.8,1717883773431
0.0,0.0,4.048,22.8,1717883773498
0.0,0.0,4.037,22.8,1717883773576
0.0,0.0,4.037,22.8,1717883773676
0.0,0.0,4.027,22.8,1717883773708
0.0,0.0,4.027,22.8,1717883773781
0.0,0.0,4.027,22.8,1717883773858
0.0,0.0,4.037,22.8,1717883773930
0.0,0.0,4.027,22.8,1717883773989
0.0,0.0,4.027,22.8,1717883774060
0.0,0.0,4.027,22.8,1717883774130
0.0,0.0,4.037,22.8,1717883774204
0.0,0.0,4.048,22.8,1717883774270
0.0,0.0,4.048,22.8,1717883774339
0.0,0.0,4.058,22.8,1717883774408
0.0,0.0,4.058,22.8,1717883774484
0.0,0.0,4.069,22.8,1717883774550
0.0,0.0,4.048,22.8,1717883774619
0.0,0.0,4.048,22.8,1717883774689
0.0,0.0,4.048,22.8,1717883774761
0.0,0.0,4.048,22.8,1717883774828
0.0,0.0,4.037,22.8,1717883774899
0.0,0.0,4.027,22.8,1717883774967
0.0,0.0,4.017,22.8,1717883775042
0.0,0.0,4.006,22.8,1717883775114
0.0,0.0,3.996,22.8,1717883775199
35.162742614746094,139.6146240234375,3.996,22.8,1717883775199
0.0,0.0,3.996,22.8,1717883775280
0.0,0.0,3.985,22.8,1717883775318
0.0,0.0,4.006,22.8,1717883775390
0.0,0.0,4.006,22.8,1717883775463
0.0,0.0,3.996,22.8,1717883775535
0.0,0.0,4.006,22.8,1717883775636
0.0,0.0,4.017,22.8,1717883775670
0.0,0.0,4.027,22.8,1717883775737
0.0,0.0,4.027,22.8,1717883775810
0.0,0.0,4.027,22.8,1717883775880
0.0,0.0,4.037,22.8,1717883775953
0.0,0.0,4.037,22.8,1717883776022
0.0,0.0,4.027,22.8,1717883776089
0.0,0.0,4.027,22.8,1717883776164
0.0,0.0,4.017,22.8,1717883776234
0.0,0.0,4.006,22.8,1717883776298
0.0,0.0,4.006,22.8,1717883776367
0.0,0.0,4.006,22.8,1717883776446
0.0,0.0,3.985,22.8,1717883776511
0.0,0.0,3.975,22.8,1717883776580
0.0,0.0,3.975,22.8,1717883776652
0.0,0.0,3.975,22.8,1717883776726
0.0,0.0,3.975,22.8,1717883776799
0.0,0.0,3.985,22.8,1717883776864
0.0,0.0,3.996,22.8,1717883776928
0.0,0.0,4.017,22.8,1717883776999
0.0,0.0,4.017,22.8,1717883777069
0.0,0.0,4.027,22.8,1717883777140
35.16275405883789,139.61460876464844,4.027,22.8,1717883777140
0.0,0.0,4.027,22.8,1717883777211
0.0,0.0,4.027,22.8,1717883777280
0.0,0.0,4.037,22.8,1717883777349
0.0,0.0,4.058,22.8,1717883777434
0.0,0.0,4.069,22.8,1717883777515
0.0,0.0,4.089,22.8,1717883777564
0.0,0.0,4.089,22.8,1717883777630
0.0,0.0,4.089,22.8,1717883777699
0.0,0.0,4.079,22.8,1717883777771
0.0,0.0,4.089,22.8,1717883777840
0.0,0.0,4.089,22.8,1717883777916
0.0,0.0,4.089,22.8,1717883777980
0.0,0.0,4.089,22.8,1717883778052
0.0,0.0,4.089,22.8,1717883778122
0.0,0.0,4.089,22.8,1717883778210
35.16276168823242,139.61460876464844,4.089,22.8,1717883778210
0.0,0.0,4.079,22.8,1717883778272
0.0,0.0,4.058,22.8,1717883778332
0.0,0.0,4.048,22.8,1717883778399
0.0,0.0,4.037,22.8,1717883778471
0.0,0.0,4.037,22.8,1717883778541
0.0,0.0,4.048,22.8,1717883778641
0.0,0.0,4.037,22.8,1717883778678
0.0,0.0,4.048,22.8,1717883778747
0.0,0.0,4.048,22.8,1717883778822
0.0,0.0,4.048,22.8,1717883778898
0.0,0.0,4.058,22.8,1717883778981
0.0,0.0,4.058,22.8,1717883779102
0.0,0.0,4.069,22.8,1717883779171
0.0,0.0,4.079,22.8,1717883779236
0.0,0.0,4.079,22.8,1717883779309
0.0,0.0,4.1,22.8,1717883779375
0.0,0.0,4.11,22.8,1717883779448
0.0,0.0,4.121,22.8,1717883779521
0.0,0.0,4.121,22.8,1717883779587
0.0,0.0,4.131,22.8,1717883779673
0.0,0.0,4.131,22.8,1717883779728
0.0,0.0,4.152,22.8,1717883779800
0.0,0.0,4.152,22.8,1717883779872
0.0,0.0,4.162,22.8,1717883779939
0.0,0.0,4.152,22.8,1717883780014
0.0,0.0,4.173,22.8,1717883780083
0.0,0.0,4.183,22.8,1717883780152
35.16278076171875,139.61459350585938,4.183,22.8,1717883780152
0.0,0.0,4.183,22.8,1717883780221
0.0,0.0,4.183,22.8,1717883780289
0.0,0.0,4.183,22.8,1717883780389
0.0,0.0,4.194,22.8,1717883780432
0.0,0.0,4.173,22.8,1717883780500
0.0,0.0,4.183,22.8,1717883780570
0.0,0.0,4.162,22.8,1717883780639
0.0,0.0,4.162,22.8,1717883780710
0.0,0.0,4.162,22.8,1717883780784
0.0,0.0,4.173,22.8,1717883780851
0.0,0.0,4.152,22.8,1717883780920
0.0,0.0,4.141,22.8,1717883780989
0.0,0.0,4.141,22.8,1717883781062
0.0,0.0,4.152,22.8,1717883781128
0.0,0.0,4.162,22.8,1717883781204
35.16278839111328,139.61459350585938,4.162,22.8,1717883781204
0.0,0.0,4.162,22.8,1717883781274
0.0,0.0,4.183,22.8,1717883781341
0.0,0.0,4.183,22.8,1717883781409
0.0,0.0,4.194,22.6,1717883781478
0.0,0.0,4.194,22.6,1717883781549
0.0,0.0,4.194,22.6,1717883781620
0.0,0.0,4.194,22.6,1717883781694
0.0,0.0,4.225,22.6,1717883781764
0.0,0.0,4.235,22.6,1717883781832
0.0,0.0,4.235,22.6,1717883781900
0.0,0.0,4.225,22.6,1717883781974
0.0,0.0,4.246,22.6,1717883782040
0.0,0.0,4.246,22.6,1717883782111
0.0,0.0,4.225,22.6,1717883782181
35.16279983520508,139.61459350585938,4.225,22.6,1717883782181
0.0,0.0,4.225,22.6,1717883782249
0.0,0.0,4.235,22.6,1717883782319
0.0,0.0,4.246,22.6,1717883782392
0.0,0.0,4.235,22.6,1717883782474
0.0,0.0,4.214,22.6,1717883782555
0.0,0.0,4.204,22.6,1717883782598
0.0,0.0,4.194,22.6,1717883782669
0.0,0.0,4.194,22.6,1717883782741
0.0,0.0,4.183,22.6,1717883782810
0.0,0.0,4.183,22.6,1717883782878
0.0,0.0,4.173,22.6,1717883782954
0.0,0.0,4.183,22.6,1717883783017
0.0,0.0,4.194,22.6,1717883783092
0.0,0.0,4.183,22.6,1717883783163
35.16280746459961,139.6145782470703,4.183,22.6,1717883783163
0.0,0.0,4.173,22.6,1717883783230
0.0,0.0,4.183,22.6,1717883783303
0.0,0.0,4.173,22.6,1717883783368
0.0,0.0,4.194,22.6,1717883783440
0.0,0.0,4.194,22.6,1717883783507
0.0,0.0,4.183,22.6,1717883783603
0.0,0.0,4.204,22.6,1717883783648
0.0,0.0,4.204,22.6,1717883783726
0.0,0.0,4.204,22.6,1717883783828
0.0,0.0,4.194,22.6,1717883783857
0.0,0.0,4.194,22.6,1717883783982
0.0,0.0,4.183,22.6,1717883783999
0.0,0.0,4.194,22.6,1717883784072
0.0,0.0,4.194,22.6,1717883784142
0.0,0.0,4.183,22.6,1717883784244
35.162818908691406,139.6145782470703,4.183,22.6,1717883784244
0.0,0.0,4.183,22.6,1717883784283
0.0,0.0,4.173,22.6,1717883784362
0.0,0.0,4.173,22.6,1717883784457
0.0,0.0,4.162,22.6,1717883784492
0.0,0.0,4.173,22.6,1717883784578
0.0,0.0,4.194,22.6,1717883784674
0.0,0.0,4.214,22.6,1717883784702
0.0,0.0,4.214,22.6,1717883784789
0.0,0.0,4.225,22.6,1717883784883
0.0,0.0,4.256,22.6,1717883784911
0.0,0.0,4.266,22.6,1717883784992
0.0,0.0,4.277,22.6,1717883785054
0.0,0.0,4.277,22.6,1717883785167
0.0,0.0,4.287,22.6,1717883785189
35.16283416748047,139.6145782470703,4.287,22.6,1717883785189
0.0,0.0,4.298,22.6,1717883785284
0.0,0.0,4.308,22.6,1717883785330
0.0,0.0,4.318,22.6,1717883785427
0.0,0.0,4.318,22.6,1717883785471
0.0,0.0,4.308,22.6,1717883785539
0.0,0.0,4.308,22.6,1717883785615
0.0,0.0,4.298,22.6,1717883785678
0.0,0.0,4.277,22.6,1717883785750
0.0,0.0,4.256,22.6,1717883785829
0.0,0.0,4.246,22.6,1717883785889
0.0,0.0,4.256,22.6,1717883785963
0.0,0.0,4.235,22.6,1717883786033
0.0,0.0,4.246,22.6,1717883786101
0.0,0.0,4.235,22.6,1717883786180
35.162845611572266,139.61456298828125,4.235,22.6,1717883786180
0.0,0.0,4.235,22.6,1717883786267
0.0,0.0,4.246,22.6,1717883786307
0.0,0.0,4.256,22.6,1717883786378
0.0,0.0,4.256,22.6,1717883786456
0.0,0.0,4.277,22.6,1717883786520
0.0,0.0,4.287,22.6,1717883786591
0.0,0.0,4.298,22.6,1717883786657
0.0,0.0,4.329,22.6,1717883786729
0.0,0.0,4.339,22.6,1717883786802
0.0,0.0,4.36,22.6,1717883786874
0.0,0.0,4.35,22.6,1717883786943
0.0,0.0,4.36,22.6,1717883787012
0.0,0.0,4.36,22.6,1717883787082
0.0,0.0,4.339,22.6,1717883787154
35.16285705566406,139.61456298828125,4.339,22.6,1717883787154
0.0,0.0,4.339,22.6,1717883787221
0.0,0.0,4.35,22.6,1717883787291
0.0,0.0,4.36,22.6,1717883787363
0.0,0.0,4.35,22.6,1717883787433
0.0,0.0,4.35,22.6,1717883787502
0.0,0.0,4.35,22.6,1717883787573
0.0,0.0,4.36,22.6,1717883787664
0.0,0.0,4.36,22.6,1717883787712
0.0,0.0,4.37,22.6,1717883787781
0.0,0.0,4.381,22.6,1717883787855
0.0,0.0,4.381,22.6,1717883787922
0.0,0.0,4.402,22.6,1717883787991
0.0,0.0,4.402,22.6,1717883788063
0.0,0.0,4.412,22.6,1717883788133
0.0,0.0,4.402,22.6,1717883788199
35.162864685058594,139.61456298828125,4.402,22.6,1717883788199
0.0,0.0,4.433,22.6,1717883788271
0.0,0.0,4.422,22.6,1717883788344
0.0,0.0,4.422,22.6,1717883788411
0.0,0.0,4.402,22.6,1717883788483
0.0,0.0,4.391,22.6,1717883788554
0.0,0.0,4.402,22.6,1717883788625
0.0,0.0,4.391,22.6,1717883788692
0.0,0.0,4.402,22.6,1717883788758
0.0,0.0,4.37,22.6,1717883788830
0.0,0.0,4.37,22.6,1717883788903
0.0,0.0,4.36,22.6,1717883788976
0.0,0.0,4.35,22.6,1717883789042
0.0,0.0,4.318,22.6,1717883789114
0.0,0.0,4.308,22.6,1717883789180
35.162872314453125,139.6145477294922,4.308,22.6,1717883789180
0.0,0.0,4.318,22.6,1717883789251
0.0,0.0,4.329,22.6,1717883789319
0.0,0.0,4.35,22.6,1717883789391
0.0,0.0,4.329,22.6,1717883789459
0.0,0.0,4.339,22.6,1717883789533
0.0,0.0,4.329,22.6,1717883789614
0.0,0.0,4.36,22.6,1717883789672
0.0,0.0,4.37,22.6,1717883789746
0.0,0.0,4.391,22.6,1717883789813
0.0,0.0,4.412,22.6,1717883789887
0.0,0.0,4.443,22.6,1717883789955
0.0,0.0,4.454,22.6,1717883790025
0.0,0.0,4.464,22.6,1717883790091
0.0,0.0,4.464,22.6,1717883790159
35.16288375854492,139.6145477294922,4.464,22.6,1717883790159
0.0,0.0,4.475,22.6,1717883790228
0.0,0.0,4.495,22.6,1717883790300
0.0,0.0,4.506,22.6,1717883790370
0.0,0.0,4.495,22.6,1717883790443
0.0,0.0,4.464,22.6,1717883790543
0.0,0.0,4.454,22.6,1717883790617
0.0,0.0,4.454,22.6,1717883790651
0.0,0.0,4.433,22.6,1717883790718
0.0,0.0,4.402,22.6,1717883790792
0.0,0.0,4.391,22.6,1717883790862
0.0,0.0,4.391,22.6,1717883790935
0.0,0.0,4.391,22.6,1717883791003
0.0,0.0,4.391,22.6,1717883791073
0.0,0.0,4.37,22.6,1717883791142
35.16289138793945,139.6145477294922,4.37,22.6,1717883791142
0.0,0.0,4.36,22.6,1717883791242
0.0,0.0,4.37,22.6,1717883791282
0.0,0.0,4.381,22.6,1717883791353
0.0,0.0,4.402,22.6,1717883791423
0.0,0.0,4.412,22.6,1717883791491
0.0,0.0,4.412,22.6,1717883791563
0.0,0.0,4.433,22.6,1717883791656
0.0,0.0,4.454,22.6,1717883791699
0.0,0.0,4.454,22.6,1717883791770
0.0,0.0,4.464,22.6,1717883791840
0.0,0.0,4.475,22.6,1717883791959
0.0,0.0,4.495,22.6,1717883791988
0.0,0.0,4.506,22.6,1717883792067
0.0,0.0,4.495,22.6,1717883792127
0.0,0.0,4.475,22.6,1717883792209
35.162899017333984,139.61453247070312,4.475,22.6,1717883792209
0.0,0.0,4.475,22.6,1717883792263
0.0,0.0,4.464,22.6,1717883792330
0.0,0.0,4.464,22.6,1717883792401
0.0,0.0,4.433,22.6,1717883792471
0.0,0.0,4.422,22.6,1717883792540
0.0,0.0,4.422,22.6,1717883792639
0.0,0.0,4.391,22.6,1717883792680
0.0,0.0,4.391,22.6,1717883792768
0.0,0.0,4.381,22.6,1717883792849
0.0,0.0,4.381,22.6,1717883792894
0.0,0.0,4.381,22.6,1717883792967
0.0,0.0,4.381,22.6,1717883793035
0.0,0.0,4.37,22.6,1717883793103
0.0,0.0,4.381,22.6,1717883793170
35.16291046142578,139.61453247070312,4.381,22.6,1717883793170
0.0,0.0,4.391,22.6,1717883793247
0.0,0.0,4.412,22.6,1717883793311
0.0,0.0,4.454,22.6,1717883793381
0.0,0.0,4.464,22.6,1717883793453
0.0,0.0,4.475,22.6,1717883793521
0.0,0.0,4.485,22.6,1717883793595
0.0,0.0,4.495,22.6,1717883793659
0.0,0.0,4.485,22.6,1717883793730
0.0,0.0,4.495,22.6,1717883793803
0.0,0.0,4.495,22.6,1717883793872
0.0,0.0,4.506,22.6,1717883793941
0.0,0.0,4.516,22.6,1717883794014
0.0,0.0,4.516,22.6,1717883794083
0.0,0.0,4.495,22.6,1717883794160
35.16292190551758,139.61451721191406,4.495,22.6,1717883794160
0.0,0.0,4.475,22.6,1717883794234
0.0,0.0,4.475,22.6,1717883794292
0.0,0.0,4.475,22.6,1717883794359
0.0,0.0,4.475,22.6,1717883794429
0.0,0.0,4.475,22.6,1717883794502
0.0,0.0,4.475,22.6,1717883794571
0.0,0.0,4.485,22.6,1717883794657
0.0,0.0,4.485,22.6,1717883794712
0.0,0.0,4.485,22.6,1717883794780
0.0,0.0,4.506,22.6,1717883794850
0.0,0.0,4.506,22.6,1717883794922
0.0,0.0,4.506,22.6,1717883794988
0.0,0.0,4.516,22.6,1717883795067
0.0,0.0,4.516,22.6,1717883795133
0.0,0.0,4.516,22.6,1717883795201
35.16292953491211,139.61451721191406,4.516,22.6,1717883795201
0.0,0.0,4.516,22.6,1717883795270
0.0,0.0,4.527,22.6,1717883795344
0.0,0.0,4.527,22.6,1717883795410
0.0,0.0,4.537,22.6,1717883795483
0.0,0.0,4.558,22.6,1717883795550
0.0,0.0,4.547,22.6,1717883795624
0.0,0.0,4.537,22.6,1717883795696
0.0,0.0,4.527,22.6,1717883795764
0.0,0.0,4.537,22.6,1717883795833
0.0,0.0,4.558,22.6,1717883795908
0.0,0.0,4.568,22.6,1717883795972
0.0,0.0,4.579,22.6,1717883796046
0.0,0.0,4.61,22.6,1717883796111
0.0,0.0,4.61,22.6,1717883796195
35.162940979003906,139.61451721191406,4.61,22.6,1717883796195
0.0,0.0,4.61,22.6,1717883796248
0.0,0.0,4.61,22.6,1717883796325
0.0,0.0,4.589,22.6,1717883796389
0.0,0.0,4.589,22.6,1717883796462
0.0,0.0,4.579,22.6,1717883796537
0.0,0.0,4.589,22.6,1717883796632
0.0,0.0,4.589,22.6,1717883796671
0.0,0.0,4.579,22.6,1717883796740
0.0,0.0,4.579,22.6,1717883796813
0.0,0.0,4.589,22.6,1717883796883
0.0,0.0,4.579,22.6,1717883796963
0.0,0.0,4.558,22.6,1717883797022
0.0,0.0,4.558,22.6,1717883797093
0.0,0.0,4.558,22.6,1717883797182
35.1629524230957,139.614501953125,4.558,22.6,1717883797182
0.0,0.0,4.579,22.6,1717883797259
0.0,0.0,4.568,22.6,1717883797302
0.0,0.0,4.589,22.6,1717883797369
0.0,0.0,4.568,22.6,1717883797439
0.0,0.0,4.568,22.6,1717883797510
0.0,0.0,4.579,22.6,1717883797586
0.0,0.0,4.568,22.6,1717883797648
0.0,0.0,4.558,22.6,1717883797728
0.0,0.0,4.558,22.6,1717883797791
0.0,0.0,4.579,22.6,1717883797872
0.0,0.0,4.579,22.6,1717883797937
0.0,0.0,4.568,22.6,1717883798010
0.0,0.0,4.568,22.6,1717883798071
0.0,0.0,4.568,22.6,1717883798143
0.0,0.0,4.579,22.6,1717883798207
35.1629638671875,139.614501953125,4.579,22.6,1717883798207
0.0,0.0,4.599,22.6,1717883798283
0.0,0.0,4.589,22.6,1717883798352
0.0,0.0,4.599,22.6,1717883798420
0.0,0.0,4.599,22.6,1717883798492
0.0,0.0,4.631,22.6,1717883798589
0.0,0.0,4.631,22.6,1717883798634
0.0,0.0,4.641,22.6,1717883798701
0.0,0.0,4.641,22.6,1717883798774
0.0,0.0,4.631,22.6,1717883798840
0.0,0.0,4.651,22.6,1717883798914
0.0,0.0,4.651,22.6,1717883798978
0.0,0.0,4.631,22.6,1717883799055
0.0,0.0,4.62,22.6,1717883799118
0.0,0.0,4.631,22.6,1717883799196
35.1629753112793,139.614501953125,4.631,22.6,1717883799196
0.0,0.0,4.62,22.6,1717883799262
0.0,0.0,4.631,22.6,1717883799336
0.0,0.0,4.61,22.6,1717883799401
0.0,0.0,4.61,22.6,1717883799472
0.0,0.0,4.62,22.6,1717883799541
0.0,0.0,4.631,22.6,1717883799662
0.0,0.0,4.651,22.6,1717883799681
0.0,0.0,4.662,22.6,1717883799750
0.0,0.0,4.651,22.6,1717883799827
0.0,0.0,4.662,22.6,1717883799891
0.0,0.0,4.672,22.6,1717883799962
0.0,0.0,4.683,22.6,1717883800071
0.0,0.0,4.693,22.6,1717883800109
0.0,0.0,4.683,22.6,1717883800176
35.162986755371094,139.614501953125,4.683,22.6,1717883800176
0.0,0.0,4.683,22.6,1717883800241
0.0,0.0,4.683,22.6,1717883800312
0.0,0.0,4.693,22.6,1717883800382
0.0,0.0,4.683,22.6,1717883800450
0.0,0.0,4.672,22.6,1717883800522
0.0,0.0,4.683,22.6,1717883800594
0.0,0.0,4.683,22.6,1717883800698
0.0,0.0,4.683,22.6,1717883800732
0.0,0.0,4.693,22.6,1717883800805
0.0,0.0,4.703,22.6,1717883800873
0.0,0.0,4.714,22.6,1717883800944
0.0,0.0,4.735,22.6,1717883801009
0.0,0.0,4.756,22.6,1717883801083
0.0,0.0,4.756,22.6,1717883801149
0.0,0.0,4.756,22.6,1717883801223
35.16299819946289,139.61448669433594,4.756,22.6,1717883801223
0.0,0.0,4.776,22.6,1717883801289
0.0,0.0,4.776,22.6,1717883801365
0.0,0.0,4.756,22.6,1717883801435
0.0,0.0,4.745,22.6,1717883801501
0.0,0.0,4.735,22.6,1717883801580
0.0,0.0,4.735,22.6,1717883801648
0.0,0.0,4.693,22.6,1717883801711
0.0,0.0,4.672,22.6,1717883801781
0.0,0.0,4.662,22.6,1717883801854
0.0,0.0,4.651,22.6,1717883801928
0.0,0.0,4.641,22.6,1717883801990
0.0,0.0,4.641,22.6,1717883802063
0.0,0.0,4.641,22.6,1717883802130
0.0,0.0,4.641,22.6,1717883802203
35.16300964355469,139.61448669433594,4.641,22.6,1717883802203
0.0,0.0,4.662,22.6,1717883802268
0.0,0.0,4.672,22.6,1717883802343
0.0,0.0,4.683,22.6,1717883802415
0.0,0.0,4.693,22.6,1717883802480
0.0,0.0,4.735,22.6,1717883802556
0.0,0.0,4.756,22.6,1717883802625
0.0,0.0,4.776,22.6,1717883802691
0.0,0.0,4.797,22.6,1717883802761
0.0,0.0,4.808,22.6,1717883802830
0.0,0.0,4.808,22.6,1717883802920
0.0,0.0,4.818,22.6,1717883802998
0.0,0.0,4.828,22.6,1717883803043
0.0,0.0,4.828,22.6,1717883803111
0.0,0.0,4.839,22.6,1717883803180
35.163021087646484,139.61448669433594,4.839,22.6,1717883803180
0.0,0.0,4.849,22.6,1717883803252
0.0,0.0,4.828,22.6,1717883803322
0.0,0.0,4.839,22.6,1717883803392
0.0,0.0,4.818,22.6,1717883803463
0.0,0.0,4.797,22.6,1717883803530
0.0,0.0,4.797,22.6,1717883803603
0.0,0.0,4.797,22.6,1717883803700
0.0,0.0,4.787,22.6,1717883803741
0.0,0.0,4.787,22.6,1717883803814
0.0,0.0,4.766,22.6,1717883803883
0.0,0.0,4.756,22.6,1717883803951
0.0,0.0,4.745,22.6,1717883804032
0.0,0.0,4.756,22.6,1717883804091
0.0,0.0,4.756,22.6,1717883804165
35.16303253173828,139.61448669433594,4.756,22.6,1717883804165
0.0,0.0,4.756,22.6,1717883804234
0.0,0.0,4.766,22.6,1717883804306
0.0,0.0,4.776,22.6,1717883804373
0.0,0.0,4.787,22.6,1717883804455
0.0,0.0,4.797,22.6,1717883804534
0.0,0.0,4.808,22.6,1717883804589
0.0,0.0,4.818,22.6,1717883804656
0.0,0.0,4.839,22.6,1717883804720
0.0,0.0,4.86,22.6,1717883804789
0.0,0.0,4.849,22.6,1717883804862
0.0,0.0,4.849,22.6,1717883804933
0.0,0.0,4.849,22.6,1717883805004
0.0,0.0,4.86,22.6,1717883805071
0.0,0.0,4.86,22.6,1717883805164
35.16304397583008,139.61447143554688,4.86,22.6,1717883805164
0.0,0.0,4.86,22.6,1717883805242
0.0,0.0,4.88,22.6,1717883805283
0.0,0.0,4.891,22.6,1717883805350
0.0,0.0,4.891,22.6,1717883805429
0.0,0.0,4.891,22.6,1717883805492
0.0,0.0,4.891,22.6,1717883805562
0.0,0.0,4.891,22.6,1717883805637
0.0,0.0,4.901,22.6,1717883805702
0.0,0.0,4.912,22.6,1717883805772
0.0,0.0,4.912,22.6,1717883805880
0.0,0.0,4.912,22.6,1717883805912
0.0,0.0,4.912,22.6,1717883805985
0.0,0.0,4.922,22.6,1717883806054
0.0,0.0,4.901,22.6,1717883806125
0.0,0.0,4.901,22.6,1717883806194
35.16305160522461,139.61447143554688,4.901,22.6,1717883806194
0.0,0.0,4.901,22.6,1717883806261
0.0,0.0,4.922,22.6,1717883806331
0.0,0.0,4.912,22.6,1717883806400
0.0,0.0,4.912,22.6,1717883806473
0.0,0.0,4.912,22.6,1717883806548
0.0,0.0,4.912,22.6,1717883806641
0.0,0.0,4.912,22.6,1717883806683
0.0,0.0,4.912,22.6,1717883806753
0.0,0.0,4.912,22.6,1717883806821
0.0,0.0,4.922,22.6,1717883806896
0.0,0.0,4.932,22.6,1717883806969
0.0,0.0,4.964,22.6,1717883807032
0.0,0.0,4.964,22.6,1717883807101
0.0,0.0,4.964,22.6,1717883807185
35.163063049316406,139.61447143554688,4.964,22.6,1717883807185
0.0,0.0,4.964,22.6,1717883807243
0.0,0.0,4.984,22.6,1717883807313
0.0,0.0,4.974,22.6,1717883807389
0.0,0.0,4.995,22.6,1717883807471
0.0,0.0,4.974,22.6,1717883807526
0.0,0.0,4.974,22.6,1717883807596
0.0,0.0,4.974,22.6,1717883807660
0.0,0.0,4.974,22.6,1717883807734
0.0,0.0,4.974,22.6,1717883807800
0.0,0.0,4.964,22.6,1717883807872
0.0,0.0,4.964,22.6,1717883807943
0.0,0.0,4.984,22.6,1717883808035
0.0,0.0,4.995,22.6,1717883808118
0.0,0.0,4.984,22.6,1717883808157
35.1630744934082,139.61447143554688,4.984,22.6,1717883808157
0.0,0.0,4.995,22.6,1717883808218
0.0,0.0,4.974,22.6,1717883808293
0.0,0.0,4.984,22.6,1717883808373
0.0,0.0,4.984,22.6,1717883808435
0.0,0.0,4.974,22.6,1717883808501
0.0,0.0,4.953,22.6,1717883808572
0.0,0.0,4.964,22.6,1717883808643
0.0,0.0,4.964,22.6,1717883808710
0.0,0.0,4.974,22.6,1717883808784
0.0,0.0,4.964,22.6,1717883808853
0.0,0.0,4.953,22.6,1717883808928
0.0,0.0,4.964,22.6,1717883808995
0.0,0.0,4.964,22.6,1717883809061
0.0,0.0,4.984,22.6,1717883809134
35.1630859375,139.61447143554688,4.984,22.6,1717883809134
0.0,0.0,4.974,22.6,1717883809202
0.0,0.0,4.974,22.6,1717883809269
0.0,0.0,4.974,22.6,1717883809341
0.0,0.0,4.974,22.6,1717883809410
0.0,0.0,4.984,22.6,1717883809481
0.0,0.0,4.995,22.6,1717883809561
0.0,0.0,4.984,22.6,1717883809640
0.0,0.0,5.005,22.6,1717883809691
0.0,0.0,5.016,22.6,1717883809766
0.0,0.0,5.016,22.6,1717883809836
0.0,0.0,5.016,22.6,1717883809902
0.0,0.0,5.005,22.6,1717883809973
0.0,0.0,5.036,22.6,1717883810044
0.0,0.0,5.068,22.6,1717883810113
0.0,0.0,5.089,22.6,1717883810215
35.16309356689453,139.61447143554688,5.089,22.6,1717883810215
0.0,0.0,5.109,22.6,1717883810253
0.0,0.0,5.099,22.6,1717883810322
0.0,0.0,5.099,22.6,1717883810397
0.0,0.0,5.099,22.6,1717883810462
0.0,0.0,5.109,22.6,1717883810531
0.0,0.0,5.12,22.6,1717883810611
0.0,0.0,5.12,22.6,1717883810673
0.0,0.0,5.141,22.6,1717883810741
0.0,0.0,5.141,22.6,1717883810811
0.0,0.0,5.12,22.6,1717883810886
0.0,0.0,5.089,22.6,1717883811040
0.0,0.0,5.068,22.6,1717883811045
0.0,0.0,5.047,22.6,1717883811111
0.0,0.0,5.057,22.6,1717883811167
35.16310501098633,139.6144561767578,5.057,22.6,1717883811167
0.0,0.0,5.068,22.6,1717883811234
0.0,0.0,5.089,22.6,1717883811304
0.0,0.0,5.078,22.6,1717883811371
0.0,0.0,5.078,22.6,1717883811444
0.0,0.0,5.078,22.6,1717883811515
0.0,0.0,5.078,22.6,1717883811588
0.0,0.0,5.089,22.6,1717883811674
0.0,0.0,5.099,22.6,1717883811742
0.0,0.0,5.099,22.6,1717883811825
0.0,0.0,5.141,22.6,1717883811863
0.0,0.0,5.161,22.6,1717883811936
0.0,0.0,5.161,22.6,1717883812001
0.0,0.0,5.151,22.6,1717883812073
0.0,0.0,5.13,22.6,1717883812141
35.16311264038086,139.6144561767578,5.13,22.6,1717883812141
0.0,0.0,5.141,22.6,1717883812215
0.0,0.0,5.161,22.6,1717883812281
0.0,0.0,5.151,22.6,1717883812354
0.0,0.0,5.13,22.6,1717883812422
0.0,0.0,5.13,22.6,1717883812496
0.0,0.0,5.151,22.6,1717883812602
0.0,0.0,5.161,22.6,1717883812643
0.0,0.0,5.141,22.6,1717883812704
0.0,0.0,5.13,22.6,1717883812775
0.0,0.0,5.141,22.6,1717883812846
0.0,0.0,5.141,22.6,1717883812920
0.0,0.0,5.161,22.6,1717883812986
0.0,0.0,5.161,22.6,1717883813056
0.0,0.0,5.151,22.6,1717883813133
0.0,0.0,5.161,22.6,1717883813215
35.16312026977539,139.6144561767578,5.161,22.6,1717883813215
0.0,0.0,5.172,22.6,1717883813267
0.0,0.0,5.193,22.6,1717883813335
0.0,0.0,5.213,22.6,1717883813409
0.0,0.0,5.182,22.6,1717883813477
0.0,0.0,5.203,22.6,1717883813552
0.0,0.0,5.203,22.6,1717883813612
0.0,0.0,5.193,22.6,1717883813683
0.0,0.0,5.203,22.6,1717883813751
0.0,0.0,5.203,22.6,1717883813826
0.0,0.0,5.203,22.6,1717883813894
0.0,0.0,5.172,22.6,1717883813966
0.0,0.0,5.193,22.6,1717883814037
0.0,0.0,5.151,22.6,1717883814104
0.0,0.0,5.13,22.6,1717883814170
35.16312789916992,139.61444091796875,5.13,22.6,1717883814170
0.0,0.0,5.109,22.6,1717883814246
0.0,0.0,5.12,22.6,1717883814313
0.0,0.0,5.109,22.6,1717883814386
0.0,0.0,5.109,22.6,1717883814455
0.0,0.0,5.099,22.6,1717883814525
0.0,0.0,5.089,22.6,1717883814606
0.0,0.0,5.068,22.6,1717883814683
0.0,0.0,5.068,22.6,1717883814733
0.0,0.0,5.099,22.6,1717883814805
0.0,0.0,5.12,22.6,1717883814878
0.0,0.0,5.161,22.6,1717883814944
0.0,0.0,5.172,22.6,1717883815014
0.0,0.0,5.213,22.6,1717883815096
0.0,0.0,5.213,22.6,1717883815153
35.16313934326172,139.61444091796875,5.213,22.6,1717883815153
0.0,0.0,5.224,22.6,1717883815223
0.0,0.0,5.234,22.6,1717883815294
0.0,0.0,5.265,22.6,1717883815361
0.0,0.0,5.276,22.6,1717883815437
0.0,0.0,5.297,22.6,1717883815506
0.0,0.0,5.297,22.6,1717883815578
0.0,0.0,5.286,22.6,1717883815645
0.0,0.0,5.265,22.6,1717883815746
0.0,0.0,5.224,22.6,1717883815787
0.0,0.0,5.224,22.6,1717883815851
0.0,0.0,5.203,22.6,1717883815933
0.0,0.0,5.213,22.6,1717883815995
0.0,0.0,5.203,22.6,1717883816071
0.0,0.0,5.213,22.6,1717883816142
35.163150787353516,139.6144256591797,5.213,22.6,1717883816142
0.0,0.0,5.182,22.6,1717883816213
0.0,0.0,5.182,22.6,1717883816274
0.0,0.0,5.172,22.6,1717883816345
0.0,0.0,5.182,22.6,1717883816412
0.0,0.0,5.203,22.6,1717883816487
0.0,0.0,5.203,22.6,1717883816554
0.0,0.0,5.234,22.6,1717883816645
0.0,0.0,5.245,22.6,1717883816693
0.0,0.0,5.255,22.6,1717883816764
0.0,0.0,5.255,22.6,1717883816834
0.0,0.0,5.245,22.6,1717883816909
0.0,0.0,5.255,22.6,1717883816976
0.0,0.0,5.265,22.6,1717883817047
0.0,0.0,5.265,22.6,1717883817146
0.0,0.0,5.265,22.6,1717883817180
35.16315841674805,139.6144256591797,5.265,22.6,1717883817180
0.0,0.0,5.245,22.6,1717883817253
0.0,0.0,5.224,22.6,1717883817325
0.0,0.0,5.234,22.6,1717883817394
0.0,0.0,5.224,22.6,1717883817462
0.0,0.0,5.193,22.6,1717883817538
0.0,0.0,5.172,22.6,1717883817615
0.0,0.0,5.203,22.6,1717883817684
0.0,0.0,5.213,22.6,1717883817749
0.0,0.0,5.213,22.6,1717883817817
0.0,0.0,5.203,22.6,1717883817883
0.0,0.0,5.193,22.6,1717883817953
0.0,0.0,5.203,22.6,1717883818029
0.0,0.0,5.203,22.6,1717883818094
0.0,0.0,5.213,22.6,1717883818165
35.163169860839844,139.61441040039062,5.213,22.6,1717883818165
0.0,0.0,5.203,22.6,1717883818232
0.0,0.0,5.193,22.6,1717883818334
0.0,0.0,5.203,22.6,1717883818375
0.0,0.0,5.203,22.6,1717883818446
0.0,0.0,5.193,22.6,1717883818515
0.0,0.0,5.193,22.6,1717883818585
0.0,0.0,5.203,22.6,1717883818654
0.0,0.0,5.193,22.6,1717883818727
0.0,0.0,5.193,22.6,1717883818797
0.0,0.0,5.182,22.6,1717883818868
0.0,0.0,5.203,22.6,1717883818936
0.0,0.0,5.213,22.6,1717883819004
0.0,0.0,5.234,22.6,1717883819074
0.0,0.0,5.255,22.6,1717883819145
35.16318130493164,139.61441040039062,5.255,22.6,1717883819145
0.0,0.0,5.255,22.6,1717883819218
0.0,0.0,5.265,22.6,1717883819286
0.0,0.0,5.265,22.6,1717883819355
0.0,0.0,5.276,22.6,1717883819424
0.0,0.0,5.276,22.6,1717883819497
0.0,0.0,5.297,22.6,1717883819565
0.0,0.0,5.307,22.6,1717883819634
0.0,0.0,5.317,22.6,1717883819701
0.0,0.0,5.328,22.6,1717883819775
0.0,0.0,5.317,22.6,1717883819855
0.0,0.0,5.307,22.6,1717883819926
0.0,0.0,5.286,22.6,1717883819986
0.0,0.0,5.286,22.6,1717883820062
0.0,0.0,5.265,22.6,1717883820128
0.0,0.0,5.255,22.6,1717883820202
35.16318893432617,139.61439514160156,5.255,22.6,1717883820202
0.0,0.0,5.255,22.6,1717883820270
0.0,0.0,5.265,22.6,1717883820332
0.0,0.0,5.245,22.6,1717883820410
0.0,0.0,5.224,22.6,1717883820481
0.0,0.0,5.213,22.6,1717883820558
0.0,0.0,5.203,22.6,1717883820626
0.0,0.0,5.203,22.6,1717883820683
0.0,0.0,5.213,22.6,1717883820752
0.0,0.0,5.224,22.6,1717883820824
0.0,0.0,5.213,22.6,1717883820894
0.0,0.0,5.213,22.6,1717883820968
0.0,0.0,5.213,22.6,1717883821034
0.0,0.0,5.203,22.6,1717883821105
0.0,0.0,5.213,22.6,1717883821174
35.1631965637207,139.61439514160156,5.213,22.6,1717883821174
0.0,0.0,5.193,22.6,1717883821251
0.0,0.0,5.203,22.6,1717883821326
0.0,0.0,5.213,22.6,1717883821395
0.0,0.0,5.224,22.6,1717883821459
0.0,0.0,5.234,22.6,1717883821528
0.0,0.0,5.234,22.6,1717883821601
0.0,0.0,5.234,22.6,1717883821664
0.0,0.0,5.213,22.6,1717883821734
0.0,0.0,5.234,22.6,1717883821804
0.0,0.0,5.224,22.6,1717883821875
0.0,0.0,5.213,22.6,1717883821966
0.0,0.0,5.224,22.6,1717883822044
0.0,0.0,5.234,22.6,1717883822084
0.0,0.0,5.245,22.6,1717883822157
35.1632080078125,139.6143798828125,5.245,22.6,1717883822157
0.0,0.0,5.255,22.6,1717883822221
0.0,0.0,5.234,22.6,1717883822302
0.0,0.0,5.255,22.6,1717883822363
0.0,0.0,5.245,22.6,1717883822433
0.0,0.0,5.245,22.6,1717883822505
0.0,0.0,5.255,22.6,1717883822575
0.0,0.0,5.224,22.6,1717883822658
0.0,0.0,5.234,22.6,1717883822735
0.0,0.0,5.224,22.6,1717883822784
0.0,0.0,5.224,22.6,1717883822853
0.0,0.0,5.203,22.6,1717883822925
0.0,0.0,5.193,22.6,1717883822998
0.0,0.0,5.193,22.6,1717883823064
0.0,0.0,5.193,22.6,1717883823192
0.0,0.0,5.193,22.6,1717883823212
0.0,0.0,5.193,22.6,1717883823274
0.0,0.0,5.172,22.6,1717883823349
0.0,0.0,5.161,22.6,1717883823425
0.0,0.0,5.172,22.6,1717883823486
0.0,0.0,5.172,22.6,1717883823557
0.0,0.0,5.161,22.6,1717883823624
0.0,0.0,5.151,22.6,1717883823694
0.0,0.0,5.161,22.6,1717883823767
0.0,0.0,5.161,22.6,1717883823837
0.0,0.0,5.161,22.6,1717883823908
0.0,0.0,5.151,22.6,1717883823975
0.0,0.0,5.151,22.6,1717883824047
0.0,0.0,5.182,22.6,1717883824116
0.0,0.0,5.193,22.6,1717883824191
35.1632194519043,139.61436462402344,5.193,22.6,1717883824191
0.0,0.0,5.224,22.6,1717883824258
0.0,0.0,5.203,22.6,1717883824327
0.0,0.0,5.213,22.6,1717883824394
0.0,0.0,5.224,22.6,1717883824468
0.0,0.0,5.213,22.6,1717883824541
0.0,0.0,5.213,22.6,1717883824608
0.0,0.0,5.224,22.6,1717883824676
0.0,0.0,5.224,22.6,1717883824744
0.0,0.0,5.224,22.6,1717883824847
0.0,0.0,5.203,22.6,1717883824887
0.0,0.0,5.193,22.6,1717883824954
0.0,0.0,5.182,22.6,1717883825026
0.0,0.0,5.161,22.6,1717883825097
0.0,0.0,5.182,22.6,1717883825165
0.0,0.0,5.172,22.6,1717883825236
0.0,0.0,5.172,22.6,1717883825308
0.0,0.0,5.172,22.6,1717883825376
0.0,0.0,5.172,22.6,1717883825442
0.0,0.0,5.182,22.6,1717883825516
0.0,0.0,5.203,22.6,1717883825582
0.0,0.0,5.213,22.6,1717883825653
0.0,0.0,5.224,22.6,1717883825726
0.0,0.0,5.265,22.6,1717883825793
0.0,0.0,5.265,22.6,1717883825870
0.0,0.0,5.276,22.6,1717883825935
0.0,0.0,5.286,22.6,1717883826004
0.0,0.0,5.297,22.6,1717883826144
0.0,0.0,5.307,22.6,1717883826152
35.16323471069336,139.61436462402344,5.307,22.6,1717883826152
0.0,0.0,5.307,22.6,1717883826214
0.0,0.0,5.307,22.6,1717883826283
0.0,0.0,5.307,22.6,1717883826356
0.0,0.0,5.317,22.6,1717883826429
0.0,0.0,5.307,22.6,1717883826495
0.0,0.0,5.297,22.6,1717883826567
0.0,0.0,5.276,22.6,1717883826640
0.0,0.0,5.276,22.6,1717883826707
0.0,0.0,5.276,22.6,1717883826784
0.0,0.0,5.255,22.6,1717883826844
0.0,0.0,5.245,22.6,1717883826917
0.0,0.0,5.245,22.6,1717883826985
0.0,0.0,5.234,22.6,1717883827078
0.0,0.0,5.245,22.6,1717883827195
0.0,0.0,5.234,22.6,1717883827263
0.0,0.0,5.213,22.6,1717883827339
0.0,0.0,5.213,22.6,1717883827406
0.0,0.0,5.203,22.6,1717883827475
0.0,0.0,5.213,22.6,1717883827551
0.0,0.0,5.213,22.6,1717883827619
0.0,0.0,5.213,22.6,1717883827691
0.0,0.0,5.224,22.6,1717883827754
0.0,0.0,5.224,22.6,1717883827894
0.0,0.0,5.234,22.6,1717883827910
0.0,0.0,5.245,22.6,1717883827971
0.0,0.0,5.245,22.6,1717883828042
0.0,0.0,5.245,22.6,1717883828112
0.0,0.0,5.255,22.6,1717883828182
35.163246154785156,139.61434936523438,5.255,22.6,1717883828182
0.0,0.0,5.255,22.6,1717883828246
0.0,0.0,5.265,22.6,1717883828331
0.0,0.0,5.255,22.6,1717883828390
0.0,0.0,5.255,22.6,1717883828486
0.0,0.0,5.255,22.6,1717883828528
0.0,0.0,5.245,22.6,1717883828600
0.0,0.0,5.224,22.6,1717883828676
0.0,0.0,5.224,22.6,1717883828743
0.0,0.0,5.213,22.6,1717883828818
0.0,0.0,5.213,22.6,1717883828876
0.0,0.0,5.224,22.6,1717883828952
0.0,0.0,5.224,22.6,1717883829020
0.0,0.0,5.213,22.6,1717883829091
0.0,0.0,5.213,22.6,1717883829158
0.0,0.0,5.213,22.6,1717883829230
0.0,0.0,5.213,22.6,1717883829296
0.0,0.0,5.213,22.6,1717883829369
0.0,0.0,5.224,22.6,1717883829440
0.0,0.0,5.224,22.6,1717883829505
0.0,0.0,5.224,22.6,1717883829594
0.0,0.0,5.224,22.6,1717883829645
0.0,0.0,5.234,22.6,1717883829719
0.0,0.0,5.213,22.6,1717883829788
0.0,0.0,5.213,22.6,1717883829857
0.0,0.0,5.213,22.6,1717883829936
0.0,0.0,5.203,22.6,1717883829997
0.0,0.0,5.203,22.6,1717883830146
0.0,0.0,5.193,22.6,1717883830154
0.0,0.0,5.193,22.6,1717883830208
35.16325378417969,139.6143341064453,5.193,22.6,1717883830208
0.0,0.0,5.182,22.6,1717883830275
0.0,0.0,5.182,22.6,1717883830350
0.0,0.0,5.182,22.6,1717883830420
0.0,0.0,5.172,22.6,1717883830488
0.0,0.0,5.182,22.6,1717883830566
0.0,0.0,5.182,22.6,1717883830630
0.0,0.0,5.182,22.6,1717883830698
0.0,0.0,5.182,22.6,1717883830766
0.0,0.0,5.182,22.6,1717883830836
0.0,0.0,5.193,22.6,1717883830908
0.0,0.0,5.193,22.6,1717883830974
0.0,0.0,5.193,22.6,1717883831051
0.0,0.0,5.193,22.6,1717883831124
0.0,0.0,5.182,22.6,1717883831182
0.0,0.0,5.182,22.6,1717883831260
0.0,0.0,5.182,22.6,1717883831326
0.0,0.0,5.193,22.6,1717883831399
0.0,0.0,5.193,22.6,1717883831486
0.0,0.0,5.193,22.6,1717883831559
0.0,0.0,5.193,22.6,1717883831608
0.0,0.0,5.203,22.6,1717883831682
0.0,0.0,5.203,22.6,1717883831747
0.0,0.0,5.224,22.6,1717883831814
0.0,0.0,5.224,22.6,1717883831885
0.0,0.0,5.245,22.6,1717883831961
0.0,0.0,5.255,22.6,1717883832030
0.0,0.0,5.255,22.6,1717883832099
0.0,0.0,5.265,22.6,1717883832169
35.16326904296875,139.6143341064453,5.265,22.6,1717883832169
0.0,0.0,5.255,22.6,1717883832242
0.0,0.0,5.265,22.6,1717883832310
0.0,0.0,5.265,22.6,1717883832376
0.0,0.0,5.265,22.6,1717883832456
0.0,0.0,5.265,22.6,1717883832519
0.0,0.0,5.265,22.6,1717883832596
0.0,0.0,5.276,22.6,1717883832665
0.0,0.0,5.286,22.6,1717883832732
0.0,0.0,5.276,22.6,1717883832799
0.0,0.0,5.276,22.6,1717883832869
0.0,0.0,5.286,22.6,1717883832941
0.0,0.0,5.286,22.6,1717883833009
0.0,0.0,5.307,22.6,1717883833080
0.0,0.0,5.286,22.6,1717883833155
0.0,0.0,5.297,22.6,1717883833218
0.0,0.0,5.297,22.6,1717883833287
0.0,0.0,5.297,22.6,1717883833356
0.0,0.0,5.286,22.6,1717883833441
0.0,0.0,5.297,22.6,1717883833498
0.0,0.0,5.276,22.6,1717883833587
0.0,0.0,5.276,22.6,1717883833664
0.0,0.0,5.286,22.6,1717883833706
0.0,0.0,5.276,22.6,1717883833776
0.0,0.0,5.286,22.6,1717883833848
0.0,0.0,5.276,22.6,1717883833919
0.0,0.0,5.297,22.6,1717883833992
0.0,0.0,5.307,22.6,1717883834063
0.0,0.0,5.317,22.6,1717883834152
35.16328048706055,139.61431884765625,5.317,22.6,1717883834152
0.0,0.0,5.328,22.6,1717883834201
0.0,0.0,5.359,22.6,1717883834314
0.0,0.0,5.37,22.6,1717883834341
0.0,0.0,5.39,22.6,1717883834413
0.0,0.0,5.401,22.6,1717883834546
0.0,0.0,5.411,22.6,1717883834555
0.0,0.0,5.411,22.6,1717883834621
0.0,0.0,5.422,22.6,1717883834690
0.0,0.0,5.422,22.6,1717883834758
0.0,0.0,5.432,22.6,1717883834834
0.0,0.0,5.411,22.6,1717883834924
0.0,0.0,5.39,22.6,1717883834970
0.0,0.0,5.38,22.6,1717883835072
0.0,0.0,5.359,22.6,1717883835113
0.0,0.0,5.359,22.6,1717883835179
35.163291931152344,139.61431884765625,5.359,22.6,1717883835179
0.0,0.0,5.349,22.6,1717883835270
0.0,0.0,5.349,22.6,1717883835358
0.0,0.0,5.359,22.6,1717883835387
0.0,0.0,5.37,22.6,1717883835476
0.0,0.0,5.38,22.6,1717883835530
0.0,0.0,5.38,22.6,1717883835644
0.0,0.0,5.37,22.6,1717883835670
0.0,0.0,5.37,22.6,1717883835790
0.0,0.0,5.39,22.6,1717883835806
0.0,0.0,5.411,22.6,1717883835882
0.0,0.0,5.432,22.6,1717883835957
0.0,0.0,5.442,22.6,1717883836023
0.0,0.0,5.453,22.6,1717883836090
0.0,0.0,5.463,22.6,1717883836160
35.163299560546875,139.6143035888672,5.463,22.6,1717883836160
0.0,0.0,5.442,22.6,1717883836230
0.0,0.0,5.453,22.6,1717883836302
0.0,0.0,5.453,22.6,1717883836368
0.0,0.0,5.463,22.6,1717883836441
0.0,0.0,5.474,22.6,1717883836530
0.0,0.0,5.484,22.6,1717883836582
0.0,0.0,5.484,22.6,1717883836649
0.0,0.0,5.484,22.6,1717883836721
0.0,0.0,5.484,22.6,1717883836789
0.0,0.0,5.484,22.6,1717883836858
0.0,0.0,5.484,22.6,1717883836935
0.0,0.0,5.494,22.6,1717883837000
0.0,0.0,5.494,22.6,1717883837076
0.0,0.0,5.494,22.6,1717883837140
35.163307189941406,139.6143035888672,5.494,22.6,1717883837140
0.0,0.0,5.484,22.6,1717883837211
0.0,0.0,5.463,22.6,1717883837306
0.0,0.0,5.453,22.6,1717883837354
0.0,0.0,5.411,22.6,1717883837421
0.0,0.0,5.411,22.6,1717883837489
0.0,0.0,5.401,22.6,1717883837563
0.0,0.0,5.401,22.6,1717883837627
0.0,0.0,5.401,22.6,1717883837699
0.0,0.0,5.411,22.6,1717883837771
0.0,0.0,5.401,22.6,1717883837843
0.0,0.0,5.401,22.6,1717883837911
0.0,0.0,5.422,22.6,1717883837987
0.0,0.0,5.432,22.6,1717883838048
0.0,0.0,5.453,22.6,1717883838122
0.0,0.0,5.463,22.6,1717883838205
35.1633186340332,139.6143035888672,5.463,22.6,1717883838205
0.0,0.0,5.484,22.6,1717883838260
0.0,0.0,5.474,22.6,1717883838328
0.0,0.0,5.474,22.6,1717883838399
0.0,0.0,5.463,22.6,1717883838470
0.0,0.0,5.453,22.6,1717883838541
0.0,0.0,5.474,22.6,1717883838615
0.0,0.0,5.484,22.6,1717883838678
0.0,0.0,5.474,22.6,1717883838750
0.0,0.0,5.463,22.6,1717883838826
0.0,0.0,5.453,22.6,1717883838889
0.0,0.0,5.453,22.6,1717883838956
0.0,0.0,5.463,22.6,1717883839030
0.0,0.0,5.463,22.6,1717883839100
0.0,0.0,5.463,22.6,1717883839171
35.163330078125,139.61428833007812,5.463,22.6,1717883839171
0.0,0.0,5.474,22.6,1717883839242
0.0,0.0,5.463,22.6,1717883839312
0.0,0.0,5.463,22.6,1717883839378
0.0,0.0,5.474,22.6,1717883839445
0.0,0.0,5.474,22.6,1717883839524
0.0,0.0,5.453,22.6,1717883839589
0.0,0.0,5.484,22.6,1717883839667
0.0,0.0,5.463,22.6,1717883839726
0.0,0.0,5.453,22.6,1717883839801
0.0,0.0,5.442,22.6,1717883839875
0.0,0.0,5.432,22.6,1717883839941
0.0,0.0,5.422,22.6,1717883840007
0.0,0.0,5.401,22.6,1717883840083
0.0,0.0,5.39,22.6,1717883840175
35.1633415222168,139.61428833007812,5.39,22.6,1717883840175
0.0,0.0,5.38,22.6,1717883840250
0.0,0.0,5.37,22.6,1717883840293
0.0,0.0,5.37,22.6,1717883840360
0.0,0.0,5.39,22.6,1717883840434
0.0,0.0,5.38,22.6,1717883840498
0.0,0.0,5.401,22.6,1717883840571
0.0,0.0,5.411,22.6,1717883840637
0.0,0.0,5.411,22.6,1717883840707
0.0,0.0,5.411,22.6,1717883840780
0.0,0.0,5.411,22.6,1717883840850
0.0,0.0,5.432,22.6,1717883840916
0.0,0.0,5.442,22.6,1717883840984
0.0,0.0,5.463,22.6,1717883841063
0.0,0.0,5.463,22.6,1717883841132
0.0,0.0,5.474,22.6,1717883841198
35.16334915161133,139.61427307128906,5.474,22.6,1717883841198
0.0,0.0,5.474,22.6,1717883841269
0.0,0.0,5.484,22.6,1717883841339
0.0,0.0,5.453,22.6,1717883841408
0.0,0.0,5.453,22.6,1717883841479
0.0,0.0,5.474,22.6,1717883841569
0.0,0.0,5.463,22.6,1717883841623
0.0,0.0,5.484,22.6,1717883841693
0.0,0.0,5.453,22.6,1717883841762
0.0,0.0,5.463,22.6,1717883841837
0.0,0.0,5.463,22.6,1717883841903
0.0,0.0,5.484,22.6,1717883841973
0.0,0.0,5.494,22.6,1717883842044
0.0,0.0,5.494,22.6,1717883842111
0.0,0.0,5.515,22.6,1717883842187
35.163360595703125,139.61427307128906,5.515,22.6,1717883842187
0.0,0.0,5.536,22.6,1717883842249
0.0,0.0,5.536,22.6,1717883842323
0.0,0.0,5.536,22.6,1717883842389
0.0,0.0,5.536,22.6,1717883842459
0.0,0.0,5.526,22.6,1717883842533
0.0,0.0,5.526,22.6,1717883842605
0.0,0.0,5.505,22.6,1717883842670
0.0,0.0,5.505,22.6,1717883842743
0.0,0.0,5.463,22.6,1717883842810
0.0,0.0,5.463,22.6,1717883842883
0.0,0.0,5.453,22.6,1717883842957
0.0,0.0,5.442,22.6,1717883843028
0.0,0.0,5.432,22.6,1717883843098
0.0,0.0,5.442,22.6,1717883843181
35.16337203979492,139.6142578125,5.442,22.6,1717883843181
0.0,0.0,5.442,22.6,1717883843301
0.0,0.0,5.453,22.6,1717883843373
0.0,0.0,5.474,22.6,1717883843440
0.0,0.0,5.484,22.6,1717883843510
0.0,0.0,5.505,22.6,1717883843586
0.0,0.0,5.494,22.6,1717883843651
0.0,0.0,5.536,22.6,1717883843722
0.0,0.0,5.526,22.6,1717883843795
0.0,0.0,5.526,22.6,1717883843864
0.0,0.0,5.557,22.6,1717883843940
0.0,0.0,5.567,22.6,1717883844010
0.0,0.0,5.578,22.6,1717883844072
0.0,0.0,5.578,22.6,1717883844147
0.0,0.0,5.578,22.6,1717883844212
35.16337966918945,139.6142578125,5.578,22.6,1717883844212
0.0,0.0,5.578,22.6,1717883844282
0.0,0.0,5.557,22.6,1717883844351
0.0,0.0,5.567,22.6,1717883844422
0.0,0.0,5.578,22.6,1717883844491
0.0,0.0,5.567,22.6,1717883844562
0.0,0.0,5.588,22.6,1717883844643
0.0,0.0,5.578,22.6,1717883844713
0.0,0.0,5.567,22.6,1717883844770
0.0,0.0,5.578,22.6,1717883844841
0.0,0.0,5.578,22.6,1717883844912
0.0,0.0,5.578,22.6,1717883844982
0.0,0.0,5.567,22.6,1717883845050
0.0,0.0,5.588,22.6,1717883845123
0.0,0.0,5.598,22.6,1717883845192
35.16339111328125,139.6142578125,5.598,22.6,1717883845192
0.0,0.0,5.609,22.6,1717883845291
0.0,0.0,5.598,22.6,1717883845329
0.0,0.0,5.588,22.6,1717883845402
0.0,0.0,5.588,22.6,1717883845473
0.0,0.0,5.598,22.6,1717883845542
0.0,0.0,5.598,22.6,1717883845613
0.0,0.0,5.598,22.6,1717883845680
0.0,0.0,5.598,22.6,1717883845750
0.0,0.0,5.598,22.6,1717883845824
0.0,0.0,5.598,22.6,1717883845894
0.0,0.0,5.578,22.6,1717883845970
0.0,0.0,5.588,22.6,1717883846033
0.0,0.0,5.588,22.6,1717883846110
0.0,0.0,5.588,22.6,1717883846198
35.16339874267578,139.61424255371094,5.588,22.6,1717883846198
0.0,0.0,5.598,22.6,1717883846247
0.0,0.0,5.609,22.6,1717883846314
0.0,0.0,5.598,22.6,1717883846381
0.0,0.0,5.609,22.6,1717883846454
0.0,0.0,5.63,22.6,1717883846528
0.0,0.0,5.63,22.6,1717883846628
0.0,0.0,5.661,22.6,1717883846661
0.0,0.0,5.671,22.6,1717883846737
0.0,0.0,5.692,22.6,1717883846806
0.0,0.0,5.692,22.6,1717883846878
0.0,0.0,5.703,22.6,1717883846946
0.0,0.0,5.692,22.6,1717883847024
0.0,0.0,5.682,22.6,1717883847087
0.0,0.0,5.671,22.6,1717883847161
35.16340637207031,139.61424255371094,5.671,22.6,1717883847161
0.0,0.0,5.671,22.6,1717883847224
0.0,0.0,5.661,22.6,1717883847297
0.0,0.0,5.64,22.6,1717883847366
0.0,0.0,5.64,22.6,1717883847472
0.0,0.0,5.598,22.6,1717883847504
0.0,0.0,5.557,22.6,1717883847579
0.0,0.0,5.536,22.6,1717883847644
0.0,0.0,5.546,22.6,1717883847713
0.0,0.0,5.515,22.6,1717883847783
0.0,0.0,5.515,22.6,1717883847858
0.0,0.0,5.505,22.6,1717883847926
0.0,0.0,5.505,22.6,1717883847993
0.0,0.0,5.484,22.6,1717883848065
0.0,0.0,5.494,22.6,1717883848137
0.0,0.0,5.494,22.6,1717883848203
0.0,0.0,5.474,22.6,1717883848272
0.0,0.0,5.494,22.6,1717883848343
0.0,0.0,5.505,22.6,1717883848412
0.0,0.0,5.515,22.6,1717883848482
0.0,0.0,5.505,22.6,1717883848556
0.0,0.0,5.515,22.6,1717883848623
0.0,0.0,5.505,22.6,1717883848693
0.0,0.0,5.505,22.6,1717883848762
0.0,0.0,5.515,22.6,1717883848834
0.0,0.0,5.515,22.6,1717883848907
0.0,0.0,5.515,22.6,1717883849002
0.0,0.0,5.505,22.6,1717883849084
0.0,0.0,5.494,22.6,1717883849115
0.0,0.0,5.484,22.6,1717883849184
35.16342544555664,139.61424255371094,5.484,22.6,1717883849184
0.0,0.0,5.494,22.6,1717883849256
0.0,0.0,5.505,22.6,1717883849326
0.0,0.0,5.494,22.6,1717883849395
0.0,0.0,5.494,22.6,1717883849462
0.0,0.0,5.515,22.6,1717883849535
0.0,0.0,5.515,22.6,1717883849606
0.0,0.0,5.515,22.6,1717883849676
0.0,0.0,5.505,22.6,1717883849758
0.0,0.0,5.526,22.6,1717883849814
0.0,0.0,5.526,22.6,1717883849885
0.0,0.0,5.515,22.6,1717883850002
0.0,0.0,5.526,22.6,1717883850023
0.0,0.0,5.526,22.6,1717883850097
0.0,0.0,5.505,22.6,1717883850174
0.0,0.0,5.494,22.6,1717883850237
0.0,0.0,5.494,22.6,1717883850302
0.0,0.0,5.484,22.6,1717883850378
0.0,0.0,5.453,22.6,1717883850447
0.0,0.0,5.463,22.6,1717883850525
0.0,0.0,5.463,22.6,1717883850586
0.0,0.0,5.453,22.6,1717883850658
0.0,0.0,5.474,22.6,1717883850726
0.0,0.0,5.474,22.6,1717883850801
0.0,0.0,5.463,22.6,1717883850864
0.0,0.0,5.484,22.6,1717883850943
0.0,0.0,5.505,22.6,1717883851003
0.0,0.0,5.526,22.6,1717883851075
0.0,0.0,5.546,22.6,1717883851148
35.16343688964844,139.61422729492188,5.546,22.6,1717883851148
0.0,0.0,5.567,22.6,1717883851216
0.0,0.0,5.588,22.6,1717883851285
0.0,0.0,5.588,22.6,1717883851356
0.0,0.0,5.619,22.6,1717883851427
0.0,0.0,5.64,22.6,1717883851502
0.0,0.0,5.63,22.6,1717883851571
0.0,0.0,5.651,22.6,1717883851645
0.0,0.0,5.651,22.6,1717883851710
0.0,0.0,5.64,22.6,1717883851782
0.0,0.0,5.64,22.6,1717883851846
0.0,0.0,5.64,22.6,1717883851926
0.0,0.0,5.619,22.6,1717883851987
0.0,0.0,5.619,22.6,1717883852065
0.0,0.0,5.63,22.6,1717883852127
0.0,0.0,5.63,22.6,1717883852197
35.163448333740234,139.61422729492188,5.63,22.6,1717883852197
0.0,0.0,5.619,22.6,1717883852263
0.0,0.0,5.609,22.6,1717883852334
0.0,0.0,5.63,22.6,1717883852405
0.0,0.0,5.651,22.6,1717883852475
0.0,0.0,5.651,22.6,1717883852549
0.0,0.0,5.661,22.6,1717883852629
0.0,0.0,5.671,22.6,1717883852706
0.0,0.0,5.671,22.6,1717883852759
0.0,0.0,5.661,22.6,1717883852829
0.0,0.0,5.671,22.6,1717883852902
0.0,0.0,5.63,22.6,1717883852972
0.0,0.0,5.64,22.6,1717883853039
0.0,0.0,5.64,22.6,1717883853106
0.0,0.0,5.64,22.6,1717883853174
0.0,0.0,5.609,22.6,1717883853247
0.0,0.0,5.588,22.6,1717883853314
0.0,0.0,5.598,22.6,1717883853387
0.0,0.0,5.578,22.6,1717883853465
0.0,0.0,5.567,22.6,1717883853535
0.0,0.0,5.578,22.6,1717883853597
0.0,0.0,5.609,22.6,1717883853667
0.0,0.0,5.619,22.6,1717883853739
0.0,0.0,5.671,22.6,1717883853812
0.0,0.0,5.692,22.6,1717883853879
0.0,0.0,5.723,22.6,1717883853949
0.0,0.0,5.744,22.6,1717883854026
0.0,0.0,5.786,22.6,1717883854104
0.0,0.0,5.807,22.6,1717883854157
35.16345977783203,139.6142120361328,5.807,22.6,1717883854157
0.0,0.0,5.817,22.6,1717883854227
0.0,0.0,5.838,22.6,1717883854295
0.0,0.0,5.859,22.6,1717883854371
0.0,0.0,5.848,22.6,1717883854439
0.0,0.0,5.827,22.6,1717883854510
0.0,0.0,5.848,22.6,1717883854579
0.0,0.0,5.817,22.6,1717883854648
0.0,0.0,5.796,22.6,1717883854725
0.0,0.0,5.796,22.6,1717883854805
0.0,0.0,5.775,22.6,1717883854887
0.0,0.0,5.765,22.6,1717883854925
0.0,0.0,5.765,22.6,1717883854998
0.0,0.0,5.765,22.6,1717883855082
0.0,0.0,5.775,22.6,1717883855135
0.0,0.0,5.765,22.6,1717883855207
35.16346740722656,139.6142120361328,5.765,22.6,1717883855207
0.0,0.0,5.775,22.6,1717883855275
0.0,0.0,5.775,22.6,1717883855348
0.0,0.0,5.765,22.6,1717883855414
0.0,0.0,5.775,22.6,1717883855496
0.0,0.0,5.796,22.6,1717883855577
0.0,0.0,5.786,22.6,1717883855696
0.0,0.0,5.775,22.6,1717883855765
0.0,0.0,5.786,22.6,1717883855839
0.0,0.0,5.765,22.6,1717883855915
0.0,0.0,5.765,22.6,1717883855980
0.0,0.0,5.755,22.6,1717883856051
0.0,0.0,5.755,22.6,1717883856118
0.0,0.0,5.734,22.6,1717883856188
35.163475036621094,139.61419677734375,5.734,22.6,1717883856188
0.0,0.0,5.734,22.6,1717883856271
0.0,0.0,5.734,22.6,1717883856348
0.0,0.0,5.734,22.6,1717883856399
0.0,0.0,5.723,22.6,1717883856468
0.0,0.0,5.723,22.6,1717883856536
0.0,0.0,5.713,22.6,1717883856607
0.0,0.0,5.723,22.6,1717883856676
0.0,0.0,5.734,22.6,1717883856748
0.0,0.0,5.734,22.6,1717883856818
0.0,0.0,5.734,22.6,1717883856892
0.0,0.0,5.744,22.6,1717883856966
0.0,0.0,5.755,22.6,1717883857041
0.0,0.0,5.765,22.6,1717883857116
0.0,0.0,5.786,22.6,1717883857167
35.163482666015625,139.6141815185547,5.786,22.6,1717883857167
0.0,0.0,5.786,22.6,1717883857236
0.0,0.0,5.796,22.6,1717883857307
0.0,0.0,5.807,22.6,1717883857379
0.0,0.0,5.807,22.6,1717883857448
0.0,0.0,5.796,22.6,1717883857518
0.0,0.0,5.796,22.6,1717883857588
0.0,0.0,5.786,22.6,1717883857658
0.0,0.0,5.775,22.6,1717883857730
0.0,0.0,5.744,22.6,1717883857799
0.0,0.0,5.723,22.6,1717883857866
0.0,0.0,5.692,22.6,1717883857938
0.0,0.0,5.661,22.6,1717883858006
0.0,0.0,5.64,22.6,1717883858081
0.0,0.0,5.619,22.6,1717883858149
0.0,0.0,5.609,22.6,1717883858221
35.163490295410156,139.6141815185547,5.609,22.6,1717883858221
0.0,0.0,5.598,22.6,1717883858286
0.0,0.0,5.609,22.6,1717883858355
0.0,0.0,5.598,22.6,1717883858430
0.0,0.0,5.598,22.6,1717883858494
0.0,0.0,5.609,22.6,1717883858568
0.0,0.0,5.609,22.6,1717883858645
0.0,0.0,5.64,22.6,1717883858704
0.0,0.0,5.661,22.6,1717883858775
0.0,0.0,5.692,22.6,1717883858851
0.0,0.0,5.723,22.6,1717883858915
0.0,0.0,5.744,22.6,1717883858987
0.0,0.0,5.765,22.6,1717883859056
0.0,0.0,5.765,22.6,1717883859129
0.0,0.0,5.765,22.6,1717883859198
35.16350173950195,139.61416625976562,5.765,22.6,1717883859198
0.0,0.0,5.775,22.6,1717883859265
0.0,0.0,5.775,22.6,1717883859337
0.0,0.0,5.765,22.6,1717883859411
0.0,0.0,5.786,22.6,1717883859478
0.0,0.0,5.775,22.6,1717883859576
0.0,0.0,5.775,22.6,1717883859615
0.0,0.0,5.765,22.6,1717883859688
0.0,0.0,5.755,22.6,1717883859758
0.0,0.0,5.765,22.6,1717883859855
0.0,0.0,5.755,22.6,1717883859897
0.0,0.0,5.755,22.6,1717883859975
0.0,0.0,5.744,22.6,1717883860048
0.0,0.0,5.734,22.6,1717883860104
0.0,0.0,5.723,22.6,1717883860178
35.163509368896484,139.61415100097656,5.723,22.6,1717883860178
0.0,0.0,5.723,22.6,1717883860247
0.0,0.0,5.723,22.6,1717883860317
0.0,0.0,5.713,22.6,1717883860391
0.0,0.0,5.734,22.6,1717883860456
0.0,0.0,5.744,22.6,1717883860553
0.0,0.0,5.755,22.6,1717883860596
0.0,0.0,5.765,22.6,1717883860667
0.0,0.0,5.775,22.6,1717883860736
0.0,0.0,5.786,22.6,1717883860808
0.0,0.0,5.796,22.6,1717883860880
0.0,0.0,5.807,22.6,1717883860952
0.0,0.0,5.817,22.6,1717883861018
0.0,0.0,5.827,22.6,1717883861093
0.0,0.0,5.838,22.6,1717883861160
35.16352081298828,139.61415100097656,5.838,22.6,1717883861160
0.0,0.0,5.879,22.6,1717883861227
0.0,0.0,5.879,22.6,1717883861367
0.0,0.0,5.9,22.6,1717883861434
0.0,0.0,5.89,22.6,1717883861509
0.0,0.0,5.89,22.6,1717883861579
0.0,0.0,5.89,22.6,1717883861645
0.0,0.0,5.89,22.6,1717883861716
0.0,0.0,5.9,22.6,1717883861788
0.0,0.0,5.921,22.6,1717883861857
0.0,0.0,5.921,22.6,1717883861929
0.0,0.0,5.9,22.6,1717883861996
0.0,0.0,5.911,22.6,1717883862068
0.0,0.0,5.859,22.6,1717883862137
0.0,0.0,5.848,22.6,1717883862205
35.16352844238281,139.6141357421875,5.848,22.6,1717883862205
0.0,0.0,5.838,22.6,1717883862276
0.0,0.0,5.848,22.6,1717883862348
0.0,0.0,5.859,22.6,1717883862417
0.0,0.0,5.859,22.6,1717883862488
0.0,0.0,5.859,22.6,1717883862576
0.0,0.0,5.859,22.6,1717883862627
0.0,0.0,5.848,22.6,1717883862695
0.0,0.0,5.848,22.6,1717883862767
0.0,0.0,5.859,22.6,1717883862837
0.0,0.0,5.859,22.6,1717883862907
0.0,0.0,5.869,22.6,1717883862981
0.0,0.0,5.879,22.6,1717883863047
0.0,0.0,5.869,22.6,1717883863118
0.0,0.0,5.879,22.6,1717883863184
35.163536071777344,139.61412048339844,5.879,22.6,1717883863184
0.0,0.0,5.89,22.6,1717883863257
0.0,0.0,5.9,22.6,1717883863326
0.0,0.0,5.911,22.6,1717883863402
0.0,0.0,5.931,22.6,1717883863468
0.0,0.0,5.911,22.6,1717883863538
0.0,0.0,5.921,22.6,1717883863607
0.0,0.0,5.921,22.6,1717883863675
0.0,0.0,5.931,22.6,1717883863750
0.0,0.0,5.942,22.6,1717883863815
0.0,0.0,5.931,22.6,1717883863888
0.0,0.0,5.942,22.6,1717883864030
0.0,0.0,5.931,22.6,1717883864140
0.0,0.0,5.911,22.6,1717883864167
35.16354751586914,139.61412048339844,5.911,22.6,1717883864167
0.0,0.0,5.911,22.6,1717883864256
0.0,0.0,5.911,22.6,1717883864311
0.0,0.0,5.879,22.6,1717883864449
0.0,0.0,5.869,22.6,1717883864455
0.0,0.0,5.869,22.6,1717883864518
0.0,0.0,5.869,22.6,1717883864621
0.0,0.0,5.869,22.6,1717883864656
0.0,0.0,5.859,22.6,1717883864765
0.0,0.0,5.859,22.6,1717883864798
0.0,0.0,5.859,22.6,1717883864871
0.0,0.0,5.879,22.6,1717883864941
0.0,0.0,5.9,22.6,1717883865059
0.0,0.0,5.89,22.6,1717883865074
0.0,0.0,5.9,22.6,1717883865172
35.16355514526367,139.61410522460938,5.9,22.6,1717883865172
