0.0,0.0,4.308,23.8,1592708625113
0.0,0.0,4.891,23.8,1592708627825
0.0,0.0,5.484,23.8,1592708629108
0.0,0.0,6.077,23.8,1592708629177
0.0,0.0,6.66,23.8,1592708629251
0.0,0.0,7.264,23.8,1592708630779
0.0,0.0,7.846,23.8,1592708630863
0.0,0.0,8.429,23.8,1592708630915
0.0,0.0,9.022,23.8,1592708630989
0.0,0.0,9.605,23.8,1592708631056
0.0,0.0,10.188,23.8,1592708631126
0.0,0.0,10.781,23.8,1592708631195
0.0,0.0,11.374,23.8,1592708632049
0.0,0.0,11.968,23.8,1592708632135
0.0,0.0,12.55,23.8,1592708632246
0.0,0.0,13.154,23.8,1592708632317
0.0,0.0,13.758,23.8,1592708632458
0.0,0.0,14.34,23.8,1592708633646
0.0,0.0,14.923,23.8,1592708633720
0.0,0.0,15.516,23.8,1592708633787
0.0,0.0,16.099,23.8,1592708633855
0.0,0.0,16.692,23.8,1592708633926
0.0,0.0,17.275,23.8,1592708633996
0.0,0.0,17.868,23.8,1592708634065
0.0,0.0,18.451,23.8,1592708634135
0.0,0.0,19.044,23.8,1592708634205
0.0,0.0,19.627,23.8,1592708634276
0.0,0.0,20.21,23.8,1592708634484
0.0,0.0,20.803,23.8,1592708634491
0.0,0.0,21.386,23.8,1592708634499
0.0,0.0,21.979,23.8,1592708634555
0.0,0.0,22.562,23.8,1592708634752
0.0,0.0,23.155,23.8,1592708634787
0.0,0.0,23.145,23.8,1592708634793
0.0,0.0,23.145,23.8,1592708634837
0.0,0.0,23.134,23.8,1592708635399
0.0,0.0,23.124,23.8,1592708635410
0.0,0.0,23.113,23.8,1592708635415
0.0,0.0,23.103,23.8,1592708635419
0.0,0.0,23.113,23.8,1592708635423
0.0,0.0,23.113,23.8,1592708635576
0.0,0.0,23.113,23.8,1592708635581
0.0,0.0,23.113,23.8,1592708635675
0.0,0.0,23.113,23.8,1592708635855
0.0,0.0,23.113,23.8,1592708636155
0.0,0.0,23.103,23.8,1592708636160
0.0,0.0,23.103,23.8,1592708636165
0.0,0.0,23.093,23.8,1592708636232
0.0,0.0,23.082,23.8,1592708636462
0.0,0.0,23.072,23.8,1592708636466
0.0,0.0,23.072,23.8,1592708636471
0.0,0.0,23.072,23.8,1592708636517
0.0,0.0,23.072,23.8,1592708636578
0.0,0.0,23.072,23.8,1592708636770
0.0,0.0,23.082,23.8,1592708636775
0.0,0.0,23.082,23.8,1592708636789
0.0,0.0,23.072,23.8,1592708636860
0.0,0.0,23.082,23.8,1592708637072
0.0,0.0,23.082,23.8,1592708637138
0.0,0.0,23.093,23.8,1592708637379
0.0,0.0,23.103,23.8,1592708637432
0.0,0.0,23.113,23.8,1592708637700
0.0,0.0,23.113,23.8,1592708637769
0.0,0.0,23.113,23.8,1592708637838
0.0,0.0,23.113,23.8,1592708637908
0.0,0.0,23.166,23.8,1592708637979
0.0,0.0,23.176,23.8,1592708638050
0.0,0.0,23.186,23.8,1592708638119
0.0,0.0,23.186,23.8,1592708638187
0.0,0.0,23.197,23.8,1592708638259
0.0,0.0,23.218,23.8,1592708638330
0.0,0.0,23.218,23.8,1592708638398
0.0,0.0,23.218,23.8,1592708638468
0.0,0.0,23.228,23.8,1592708638543
0.0,0.0,23.228,23.8,1592708638608
0.0,0.0,23.228,23.8,1592708638678
0.0,0.0,23.228,23.8,1592708638747
0.0,0.0,23.259,23.8,1592708638819
0.0,0.0,23.28,23.8,1592708638891
0.0,0.0,23.28,23.8,1592708638958
0.0,0.0,23.28,23.8,1592708639027
0.0,0.0,23.28,23.8,1592708639098
0.0,0.0,23.28,23.8,1592708639167
0.0,0.0,23.29,23.8,1592708639239
0.0,0.0,23.29,23.8,1592708639308
0.0,0.0,23.29,23.8,1592708639378
0.0,0.0,23.29,23.8,1592708639448
0.0,0.0,23.301,23.8,1592708639519
0.0,0.0,23.301,23.8,1592708639658
0.0,0.0,23.29,23.8,1592708639731
0.0,0.0,23.28,23.8,1592708639804
0.0,0.0,23.27,23.8,1592708639869
0.0,0.0,23.27,23.8,1592708640467
0.0,0.0,23.249,23.8,1592708640472
0.0,0.0,23.249,23.8,1592708640478
0.0,0.0,23.238,23.8,1592708640481
0.0,0.0,23.238,23.8,1592708640602
0.0,0.0,23.186,23.8,1592708640672
0.0,0.0,23.176,23.8,1592708640743
0.0,0.0,23.186,23.8,1592708640820
0.0,0.0,23.197,23.8,1592708640881
0.0,0.0,23.176,23.8,1592708640953
0.0,0.0,23.166,23.8,1592708641024
0.0,0.0,23.155,23.8,1592708641093
0.0,0.0,23.155,23.8,1592708641162
0.0,0.0,23.145,23.8,1592708641233
0.0,0.0,23.124,23.8,1592708641303
0.0,0.0,23.124,23.8,1592708641373
0.0,0.0,23.113,23.8,1592708641444
0.0,0.0,23.082,23.8,1592708641512
0.0,0.0,23.061,23.8,1592708641582
0.0,0.0,23.061,23.8,1592708641652
0.0,0.0,23.082,23.8,1592708641723
0.0,0.0,23.082,23.8,1592708641792
0.0,0.0,23.082,23.8,1592708641861
0.0,0.0,23.093,23.8,1592708641942
0.0,0.0,23.093,23.8,1592708642002
0.0,0.0,23.093,23.8,1592708642071
0.0,0.0,23.093,23.8,1592708642212
0.0,0.0,23.093,23.8,1592708642283
0.0,0.0,23.093,23.8,1592708642351
0.0,0.0,23.093,23.8,1592708642421
0.0,0.0,23.113,23.8,1592708642493
0.0,0.0,23.134,23.8,1592708642633
0.0,0.0,23.134,23.8,1592708642701
0.0,0.0,23.134,23.8,1592708642772
0.0,0.0,23.134,23.8,1592708642843
0.0,0.0,23.145,23.8,1592708642913
0.0,0.0,23.145,23.8,1592708642981
0.0,0.0,23.145,23.8,1592708643054
0.0,0.0,23.145,23.8,1592708643123
0.0,0.0,23.134,23.8,1592708643191
0.0,0.0,23.134,23.8,1592708643263
0.0,0.0,23.145,23.8,1592708643331
0.0,0.0,23.145,23.8,1592708643403
0.0,0.0,23.155,23.8,1592708643471
0.0,0.0,23.176,23.8,1592708643543
0.0,0.0,23.218,23.8,1592708643613
0.0,0.0,23.228,23.8,1592708643823
0.0,0.0,23.238,23.8,1592708643891
0.0,0.0,23.249,23.8,1592708644033
0.0,0.0,23.259,23.8,1592708644105
0.0,0.0,23.259,23.8,1592708644174
0.0,0.0,23.259,23.8,1592708644244
0.0,0.0,23.249,23.8,1592708644313
0.0,0.0,23.249,23.8,1592708644381
0.0,0.0,23.238,23.8,1592708644454
0.0,0.0,23.228,23.8,1592708644522
0.0,0.0,23.228,23.8,1592708644591
0.0,0.0,23.228,23.8,1592708644663
0.0,0.0,23.218,23.8,1592708644733
0.0,0.0,23.218,23.8,1592708644801
0.0,0.0,23.218,23.8,1592708644871
0.0,0.0,23.218,23.8,1592708645484
0.0,0.0,23.218,23.8,1592708645520
0.0,0.0,23.207,23.8,1592708645555
0.0,0.0,23.197,23.8,1592708645621
0.0,0.0,23.207,23.8,1592708645690
0.0,0.0,23.207,23.8,1592708645759
0.0,0.0,23.197,23.8,1592708645830
0.0,0.0,23.197,23.8,1592708645898
0.0,0.0,23.197,23.8,1592708645968
0.0,0.0,23.197,23.8,1592708646039
0.0,0.0,23.197,23.8,1592708646109
0.0,0.0,23.186,23.8,1592708646180
0.0,0.0,23.186,23.8,1592708646248
0.0,0.0,23.176,23.8,1592708646320
0.0,0.0,23.166,23.8,1592708646390
0.0,0.0,23.145,23.8,1592708646463
0.0,0.0,23.113,23.8,1592708646537
0.0,0.0,23.103,23.8,1592708646615
0.0,0.0,23.093,23.8,1592708646670
0.0,0.0,23.093,23.8,1592708646738
0.0,0.0,23.082,23.8,1592708646810
0.0,0.0,23.082,23.8,1592708646878
0.0,0.0,23.072,23.8,1592708646950
0.0,0.0,23.072,23.8,1592708647019
0.0,0.0,23.061,23.8,1592708647090
0.0,0.0,23.061,23.8,1592708647159
0.0,0.0,23.061,23.8,1592708647228
0.0,0.0,23.061,23.8,1592708647298
0.0,0.0,23.061,23.8,1592708647369
0.0,0.0,23.061,23.8,1592708647439
0.0,0.0,23.061,23.8,1592708647508
0.0,0.0,23.051,23.8,1592708647580
0.0,0.0,23.061,23.8,1592708647720
0.0,0.0,23.051,23.8,1592708647797
0.0,0.0,23.041,23.8,1592708647860
0.0,0.0,23.041,23.8,1592708647929
0.0,0.0,23.041,23.8,1592708647998
0.0,0.0,23.041,23.8,1592708648208
0.0,0.0,23.03,23.8,1592708648281
0.0,0.0,23.041,23.8,1592708648350
0.0,0.0,23.041,23.8,1592708648418
0.0,0.0,23.051,23.8,1592708648490
0.0,0.0,23.061,23.8,1592708648563
0.0,0.0,23.072,23.8,1592708648699
0.0,0.0,23.072,23.8,1592708648769
0.0,0.0,23.072,23.8,1592708648840
0.0,0.0,23.082,23.8,1592708648911
0.0,0.0,23.124,23.8,1592708648980
0.0,0.0,23.176,23.8,1592708649120
0.0,0.0,23.176,23.8,1592708649188
0.0,0.0,23.176,23.8,1592708649259
0.0,0.0,23.176,23.8,1592708649328
0.0,0.0,23.176,23.8,1592708649398
0.0,0.0,23.186,23.8,1592708649470
0.0,0.0,23.186,23.8,1592708649539
0.0,0.0,23.186,23.8,1592708649608
0.0,0.0,23.197,23.8,1592708649680
0.0,0.0,23.197,23.8,1592708649748
0.0,0.0,23.197,23.8,1592708649888
0.0,0.0,23.197,23.8,1592708650395
0.0,0.0,23.207,23.8,1592708650425
0.0,0.0,23.207,23.8,1592708650433
0.0,0.0,23.218,23.8,1592708650437
0.0,0.0,23.218,23.8,1592708650467
0.0,0.0,23.207,23.8,1592708650541
0.0,0.0,23.207,23.8,1592708650601
0.0,0.0,23.218,23.8,1592708650669
0.0,0.0,23.218,23.8,1592708650738
0.0,0.0,23.228,23.8,1592708650810
0.0,0.0,23.228,23.8,1592708650878
0.0,0.0,23.238,23.8,1592708650949
0.0,0.0,23.238,23.8,1592708651018
0.0,0.0,23.238,23.8,1592708651090
0.0,0.0,23.238,23.8,1592708651161
0.0,0.0,23.228,23.8,1592708651231
0.0,0.0,23.218,23.8,1592708651300
0.0,0.0,23.228,23.8,1592708651370
0.0,0.0,23.228,23.8,1592708651440
0.0,0.0,23.228,23.8,1592708651515
0.0,0.0,23.197,23.8,1592708651580
0.0,0.0,23.145,23.8,1592708651650
0.0,0.0,23.145,23.8,1592708651788
0.0,0.0,23.155,23.8,1592708651862
0.0,0.0,23.155,23.8,1592708651928
0.0,0.0,23.145,23.8,1592708652000
0.0,0.0,23.145,23.8,1592708652069
0.0,0.0,23.145,23.8,1592708652138
0.0,0.0,23.145,23.8,1592708652208
0.0,0.0,23.145,23.8,1592708652278
0.0,0.0,23.145,23.8,1592708652352
0.0,0.0,23.145,23.8,1592708652420
0.0,0.0,23.145,23.8,1592708652489
0.0,0.0,23.155,23.8,1592708652558
0.0,0.0,23.145,23.8,1592708652630
0.0,0.0,23.145,23.8,1592708652699
0.0,0.0,23.145,23.8,1592708652769
0.0,0.0,23.134,23.8,1592708652840
0.0,0.0,23.134,23.8,1592708652908
0.0,0.0,23.124,23.8,1592708652980
0.0,0.0,23.124,23.8,1592708653048
0.0,0.0,23.124,23.8,1592708653119
0.0,0.0,23.124,23.8,1592708653188
0.0,0.0,23.124,23.8,1592708653258
0.0,0.0,23.134,23.8,1592708653330
0.0,0.0,23.124,23.8,1592708653401
0.0,0.0,23.124,23.8,1592708653469
0.0,0.0,23.113,23.8,1592708653540
0.0,0.0,23.113,23.8,1592708653608
0.0,0.0,23.113,23.8,1592708653681
0.0,0.0,23.103,23.8,1592708653821
0.0,0.0,23.103,23.8,1592708653888
0.0,0.0,23.103,23.8,1592708653958
0.0,0.0,23.103,23.8,1592708654028
0.0,0.0,23.113,23.8,1592708654239
0.0,0.0,23.103,23.8,1592708654310
0.0,0.0,23.103,23.8,1592708654492
0.0,0.0,23.113,23.8,1592708654496
0.0,0.0,23.113,23.8,1592708654528
0.0,0.0,23.113,23.8,1592708654588
0.0,0.0,23.124,23.8,1592708654765
0.0,0.0,23.124,23.8,1592708654768
0.0,0.0,23.134,23.8,1592708654802
0.0,0.0,23.134,23.8,1592708654882
0.0,0.0,23.134,23.8,1592708655036
0.0,0.0,23.134,23.8,1592708655042
0.0,0.0,23.145,23.8,1592708655082
0.0,0.0,23.166,23.8,1592708655150
0.0,0.0,23.166,23.8,1592708655306
0.0,0.0,23.176,23.8,1592708655309
0.0,0.0,23.186,23.8,1592708655868
0.0,0.0,23.197,23.8,1592708655873
0.0,0.0,23.197,23.8,1592708655879
0.0,0.0,23.197,23.8,1592708655882
0.0,0.0,23.197,23.8,1592708656780
0.0,0.0,23.186,23.8,1592708656820
0.0,0.0,23.186,23.8,1592708656828
0.0,0.0,23.186,23.8,1592708656842
0.0,0.0,23.197,23.8,1592708657085
0.0,0.0,23.207,23.8,1592708657088
0.0,0.0,23.218,23.8,1592708657093
0.0,0.0,23.228,23.8,1592708657126
0.0,0.0,23.228,23.8,1592708657195
0.0,0.0,23.228,23.8,1592708657386
0.0,0.0,23.238,23.8,1592708657395
0.0,0.0,23.238,23.8,1592708657407
0.0,0.0,23.228,23.8,1592708657475
0.0,0.0,23.228,23.8,1592708657612
0.0,0.0,23.228,23.8,1592708657682
0.0,0.0,23.218,23.8,1592708657753
0.0,0.0,23.218,23.8,1592708657824
0.0,0.0,23.218,23.8,1592708657903
0.0,0.0,23.228,23.8,1592708657964
0.0,0.0,23.228,23.8,1592708658034
0.0,0.0,23.207,23.8,1592708658107
0.0,0.0,23.197,23.8,1592708658174
0.0,0.0,23.197,23.8,1592708658248
0.0,0.0,23.207,23.8,1592708658314
0.0,0.0,23.207,23.8,1592708658383
0.0,0.0,23.186,23.8,1592708658454
0.0,0.0,23.186,23.8,1592708658524
0.0,0.0,23.176,23.8,1592708658592
0.0,0.0,23.166,23.8,1592708658662
0.0,0.0,23.176,23.8,1592708658734
0.0,0.0,23.176,23.8,1592708658805
0.0,0.0,23.176,23.8,1592708658942
0.0,0.0,23.176,23.8,1592708659030
0.0,0.0,23.176,23.8,1592708659095
0.0,0.0,23.176,23.8,1592708659161
0.0,0.0,23.176,23.8,1592708659228
0.0,0.0,23.176,23.8,1592708659366
0.0,0.0,23.166,23.8,1592708659433
0.0,0.0,23.155,23.8,1592708659504
0.0,0.0,23.155,23.8,1592708659572
0.0,0.0,23.155,23.8,1592708659642
0.0,0.0,23.166,23.8,1592708659715
0.0,0.0,23.166,23.8,1592708659856
0.0,0.0,23.176,23.8,1592708659924
0.0,0.0,23.176,23.8,1592708659993
0.0,0.0,23.176,23.8,1592708660132
0.0,0.0,23.176,23.8,1592708660212
0.0,0.0,23.176,23.8,1592708660272
0.0,0.0,23.176,23.8,1592708660844
0.0,0.0,23.176,23.8,1592708660852
0.0,0.0,23.166,23.8,1592708660862
0.0,0.0,23.176,23.8,1592708660873
0.0,0.0,23.176,23.8,1592708660909
0.0,0.0,23.186,23.8,1592708660978
0.0,0.0,23.207,23.8,1592708661119
0.0,0.0,23.197,23.8,1592708661258
0.0,0.0,23.197,23.8,1592708661340
0.0,0.0,23.197,23.8,1592708661397
0.0,0.0,23.197,23.8,1592708661467
0.0,0.0,23.186,23.8,1592708661540
0.0,0.0,23.186,23.8,1592708661610
0.0,0.0,23.186,23.8,1592708661678
0.0,0.0,23.186,23.8,1592708661748
0.0,0.0,23.197,23.8,1592708661819
0.0,0.0,23.197,23.8,1592708661888
0.0,0.0,23.197,23.8,1592708661958
0.0,0.0,23.207,23.8,1592708662030
0.0,0.0,23.207,23.8,1592708662098
0.0,0.0,23.207,23.8,1592708662239
0.0,0.0,23.207,23.8,1592708662310
0.0,0.0,23.228,23.8,1592708662449
0.0,0.0,23.228,23.8,1592708662525
0.0,0.0,23.218,23.8,1592708662593
0.0,0.0,23.207,23.8,1592708662665
0.0,0.0,23.197,23.8,1592708662731
0.0,0.0,23.197,23.8,1592708662798
0.0,0.0,23.197,23.8,1592708662870
0.0,0.0,23.197,23.8,1592708662938
0.0,0.0,23.197,23.8,1592708663009
0.0,0.0,23.186,23.8,1592708663078
0.0,0.0,23.186,23.8,1592708663148
0.0,0.0,23.197,23.8,1592708663288
0.0,0.0,23.197,23.8,1592708663359
0.0,0.0,23.207,23.8,1592708663430
0.0,0.0,23.207,23.8,1592708663503
0.0,0.0,23.197,23.8,1592708663582
0.0,0.0,23.176,23.8,1592708663647
0.0,0.0,23.176,23.8,1592708663708
0.0,0.0,23.176,23.8,1592708663778
0.0,0.0,23.176,23.8,1592708663859
0.0,0.0,23.176,23.8,1592708663922
0.0,0.0,23.176,23.8,1592708663988
0.0,0.0,23.176,23.8,1592708664062
0.0,0.0,23.176,23.8,1592708664130
0.0,0.0,23.166,23.8,1592708664205
0.0,0.0,23.155,23.8,1592708664270
0.0,0.0,23.155,23.8,1592708664338
0.0,0.0,23.155,23.8,1592708664408
0.0,0.0,23.145,23.8,1592708664479
0.0,0.0,23.145,23.8,1592708664548
0.0,0.0,23.134,23.8,1592708664620
0.0,0.0,23.134,23.8,1592708664689
0.0,0.0,23.113,23.8,1592708664767
0.0,0.0,23.113,23.8,1592708664842
0.0,0.0,23.113,23.8,1592708664968
0.0,0.0,23.113,23.8,1592708665040
0.0,0.0,23.113,23.8,1592708665109
0.0,0.0,23.113,23.8,1592708665250
0.0,0.0,23.124,23.8,1592708665319
0.0,0.0,23.124,23.8,1592708665825
0.0,0.0,23.134,23.8,1592708665863
0.0,0.0,23.134,23.8,1592708665872
0.0,0.0,23.145,23.8,1592708665897
0.0,0.0,23.145,23.8,1592708665962
0.0,0.0,23.134,23.8,1592708666033
0.0,0.0,23.134,23.8,1592708666173
0.0,0.0,23.134,23.8,1592708666381
0.0,0.0,23.134,23.8,1592708666452
0.0,0.0,23.124,23.8,1592708666542
0.0,0.0,23.124,23.8,1592708666594
0.0,0.0,23.124,23.8,1592708666661
0.0,0.0,23.124,23.8,1592708666732
0.0,0.0,23.113,23.8,1592708666802
0.0,0.0,23.113,23.8,1592708666873
0.0,0.0,23.113,23.8,1592708666945
0.0,0.0,23.113,23.8,1592708667011
0.0,0.0,23.103,23.8,1592708667081
0.0,0.0,23.103,23.8,1592708667152
0.0,0.0,23.113,23.8,1592708667224
0.0,0.0,23.113,23.8,1592708667307
0.0,0.0,23.124,23.8,1592708667362
0.0,0.0,23.124,23.8,1592708667431
0.0,0.0,23.124,23.8,1592708667502
0.0,0.0,23.124,23.8,1592708667572
0.0,0.0,23.134,23.8,1592708667711
0.0,0.0,23.134,23.8,1592708667782
0.0,0.0,23.166,23.8,1592708667992
0.0,0.0,23.176,23.8,1592708668063
0.0,0.0,23.176,23.8,1592708668134
0.0,0.0,23.166,23.8,1592708668203
0.0,0.0,23.166,23.8,1592708668274
0.0,0.0,23.155,23.8,1592708668343
0.0,0.0,23.155,23.8,1592708668428
0.0,0.0,23.145,23.8,1592708668483
0.0,0.0,23.134,23.8,1592708668553
0.0,0.0,23.134,23.8,1592708668621
0.0,0.0,23.124,23.8,1592708668694
0.0,0.0,23.113,23.8,1592708668771
0.0,0.0,23.124,23.8,1592708668833
0.0,0.0,23.124,23.8,1592708668901
0.0,0.0,23.124,23.8,1592708668974
0.0,0.0,23.124,23.8,1592708669041
0.0,0.0,23.124,23.8,1592708669111
0.0,0.0,23.124,23.8,1592708669190
0.0,0.0,23.124,23.8,1592708669251
0.0,0.0,23.134,23.8,1592708669672
0.0,0.0,23.134,23.8,1592708669742
0.0,0.0,23.134,23.8,1592708669812
0.0,0.0,23.134,23.8,1592708669890
0.0,0.0,23.134,23.8,1592708669952
0.0,0.0,23.124,23.8,1592708670026
0.0,0.0,23.124,23.8,1592708670092
0.0,0.0,23.124,23.8,1592708670165
0.0,0.0,23.113,23.8,1592708670234
0.0,0.0,23.113,23.8,1592708670371
0.0,0.0,23.113,23.8,1592708670445
0.0,0.0,23.113,23.8,1592708670517
0.0,0.0,23.113,23.8,1592708670583
0.0,0.0,23.082,23.8,1592708670658
0.0,0.0,23.072,23.8,1592708670722
0.0,0.0,23.072,23.8,1592708670791
0.0,0.0,23.082,23.8,1592708670863
0.0,0.0,23.082,23.8,1592708670934
0.0,0.0,23.082,23.8,1592708671004
0.0,0.0,23.082,23.8,1592708671072
0.0,0.0,23.093,23.8,1592708671144
0.0,0.0,23.093,23.8,1592708671212
0.0,0.0,23.093,23.8,1592708671283
0.0,0.0,23.103,23.8,1592708671358
0.0,0.0,23.113,23.8,1592708671451
0.0,0.0,23.103,23.8,1592708671494
0.0,0.0,23.103,23.8,1592708671561
0.0,0.0,23.103,23.8,1592708672123
0.0,0.0,23.103,23.8,1592708672127
0.0,0.0,23.103,23.8,1592708672133
0.0,0.0,23.113,23.8,1592708672136
0.0,0.0,23.134,23.8,1592708672169
0.0,0.0,23.134,23.8,1592708672233
0.0,0.0,23.134,23.8,1592708672305
0.0,0.0,23.134,23.8,1592708672374
0.0,0.0,23.145,23.8,1592708672453
0.0,0.0,23.145,23.8,1592708672531
0.0,0.0,23.145,23.8,1592708672584
0.0,0.0,23.145,23.8,1592708672653
0.0,0.0,23.155,23.8,1592708672730
0.0,0.0,23.166,23.8,1592708672799
0.0,0.0,23.166,23.8,1592708672933
0.0,0.0,23.166,23.8,1592708673003
0.0,0.0,23.176,23.8,1592708673091
0.0,0.0,23.176,23.8,1592708673143
0.0,0.0,23.176,23.8,1592708673213
0.0,0.0,23.176,23.8,1592708673304
0.0,0.0,23.176,23.8,1592708673354
0.0,0.0,23.166,23.8,1592708673423
0.0,0.0,23.166,23.8,1592708673494
0.0,0.0,23.155,23.8,1592708673565
0.0,0.0,23.155,23.8,1592708673633
0.0,0.0,23.155,23.8,1592708673704
0.0,0.0,23.155,23.8,1592708673774
0.0,0.0,23.155,23.8,1592708673844
0.0,0.0,23.155,23.8,1592708673915
0.0,0.0,23.145,23.8,1592708673987
0.0,0.0,23.145,23.8,1592708674072
0.0,0.0,23.145,23.8,1592708674125
0.0,0.0,23.145,23.8,1592708674194
0.0,0.0,23.145,23.8,1592708674264
0.0,0.0,23.145,23.8,1592708674335
0.0,0.0,23.145,23.8,1592708674520
0.0,0.0,23.124,23.8,1592708674523
0.0,0.0,23.113,23.8,1592708674547
0.0,0.0,23.113,23.8,1592708674787
0.0,0.0,23.113,23.8,1592708674820
0.0,0.0,23.124,23.8,1592708674831
0.0,0.0,23.124,23.8,1592708675059
0.0,0.0,23.134,23.8,1592708675107
0.0,0.0,23.134,23.8,1592708675177
0.0,0.0,23.134,23.8,1592708675442
0.0,0.0,23.124,23.8,1592708675609
0.0,0.0,23.113,23.8,1592708675613
0.0,0.0,23.113,23.8,1592708675619
0.0,0.0,23.103,23.8,1592708675668
0.0,0.0,23.093,23.8,1592708675890
0.0,0.0,23.093,23.8,1592708675923
0.0,0.0,23.093,23.8,1592708675928
0.0,0.0,23.093,23.8,1592708675950
0.0,0.0,23.103,23.8,1592708676190
0.0,0.0,23.093,23.8,1592708676194
0.0,0.0,23.093,23.8,1592708676199
0.0,0.0,23.093,23.8,1592708676230
0.0,0.0,23.093,23.8,1592708676796
0.0,0.0,23.093,23.8,1592708676801
0.0,0.0,23.093,23.8,1592708676804
0.0,0.0,23.082,23.8,1592708676809
0.0,0.0,23.082,23.8,1592708676863
0.0,0.0,23.072,23.8,1592708677101
0.0,0.0,23.072,23.8,1592708677132
0.0,0.0,23.072,23.8,1592708677141
0.0,0.0,23.072,23.8,1592708677403
0.0,0.0,23.072,23.8,1592708677428
0.0,0.0,23.072,23.8,1592708677491
0.0,0.0,23.072,23.8,1592708677560
0.0,0.0,23.072,23.8,1592708677631
0.0,0.0,23.061,23.8,1592708677702
0.0,0.0,23.061,23.8,1592708677772
0.0,0.0,23.041,23.8,1592708677845
0.0,0.0,23.041,23.8,1592708677911
0.0,0.0,23.03,23.8,1592708678051
0.0,0.0,23.03,23.8,1592708678120
0.0,0.0,23.03,23.8,1592708678194
0.0,0.0,23.041,23.8,1592708678261
0.0,0.0,23.041,23.8,1592708678333
0.0,0.0,23.041,23.8,1592708678410
0.0,0.0,23.051,23.8,1592708678472
0.0,0.0,23.061,23.8,1592708678543
0.0,0.0,23.061,23.8,1592708678612
0.0,0.0,23.072,23.8,1592708678681
0.0,0.0,23.061,23.8,1592708678751
0.0,0.0,23.061,23.8,1592708678847
0.0,0.0,23.061,23.8,1592708678895
0.0,0.0,23.061,23.8,1592708678961
0.0,0.0,23.061,23.8,1592708679037
0.0,0.0,23.061,23.8,1592708679101
0.0,0.0,23.061,23.8,1592708679172
0.0,0.0,23.061,23.8,1592708679243
0.0,0.0,23.061,23.8,1592708679322
0.0,0.0,23.072,23.8,1592708679382
0.0,0.0,23.072,23.8,1592708679453
0.0,0.0,23.072,23.8,1592708679524
0.0,0.0,23.072,23.8,1592708679590
0.0,0.0,23.072,23.8,1592708679672
0.0,0.0,23.072,23.8,1592708679731
0.0,0.0,23.072,23.8,1592708679801
0.0,0.0,23.072,23.8,1592708679870
0.0,0.0,23.072,23.8,1592708679944
0.0,0.0,23.072,23.8,1592708680014
0.0,0.0,23.072,23.8,1592708680151
0.0,0.0,23.072,23.8,1592708680234
0.0,0.0,23.072,23.8,1592708680291
0.0,0.0,23.061,23.8,1592708680432
0.0,0.0,23.061,23.8,1592708680506
0.0,0.0,23.061,23.8,1592708680570
0.0,0.0,23.061,23.8,1592708680640
0.0,0.0,23.072,23.8,1592708680718
0.0,0.0,23.072,23.8,1592708681337
0.0,0.0,23.061,23.8,1592708681344
0.0,0.0,23.061,23.8,1592708681350
0.0,0.0,23.061,23.8,1592708681353
0.0,0.0,23.061,23.8,1592708681359
0.0,0.0,23.051,23.8,1592708681404
0.0,0.0,23.051,23.8,1592708681475
0.0,0.0,23.051,23.8,1592708681543
0.0,0.0,23.051,23.8,1592708681636
0.0,0.0,23.051,23.8,1592708681682
0.0,0.0,23.051,23.8,1592708681753
0.0,0.0,23.051,23.8,1592708681826
0.0,0.0,23.051,23.8,1592708681892
0.0,0.0,23.051,23.8,1592708681964
0.0,0.0,23.051,23.8,1592708682032
0.0,0.0,23.061,23.8,1592708682106
0.0,0.0,23.061,23.8,1592708682173
0.0,0.0,23.061,23.8,1592708682250
0.0,0.0,23.061,23.8,1592708682313
0.0,0.0,23.072,23.8,1592708682385
0.0,0.0,23.082,23.8,1592708682594
0.0,0.0,23.072,23.8,1592708682664
0.0,0.0,23.072,23.8,1592708682802
0.0,0.0,23.072,23.8,1592708682872
0.0,0.0,23.072,23.8,1592708682942
0.0,0.0,23.072,23.8,1592708683012
0.0,0.0,23.072,23.8,1592708683085
0.0,0.0,23.072,23.8,1592708683152
0.0,0.0,23.072,23.8,1592708683222
0.0,0.0,23.072,23.8,1592708683292
0.0,0.0,23.072,23.8,1592708683364
0.0,0.0,23.061,23.8,1592708683436
0.0,0.0,23.061,23.8,1592708683506
0.0,0.0,23.061,23.8,1592708683575
0.0,0.0,23.061,23.8,1592708683642
0.0,0.0,23.061,23.8,1592708683712
0.0,0.0,23.061,23.8,1592708683782
0.0,0.0,23.072,23.8,1592708683853
0.0,0.0,23.082,23.8,1592708683925
0.0,0.0,23.072,23.8,1592708683993
0.0,0.0,23.082,23.8,1592708684064
0.0,0.0,23.082,23.8,1592708684132
0.0,0.0,23.082,23.8,1592708684203
0.0,0.0,23.093,23.8,1592708684279
0.0,0.0,23.093,23.8,1592708684342
0.0,0.0,23.103,23.8,1592708684413
0.0,0.0,23.103,23.8,1592708684492
0.0,0.0,23.093,23.8,1592708684553
0.0,0.0,23.093,23.8,1592708684625
0.0,0.0,23.093,23.8,1592708684694
0.0,0.0,23.082,23.8,1592708684763
0.0,0.0,23.082,23.8,1592708684833
0.0,0.0,23.082,23.8,1592708684903
0.0,0.0,23.082,23.8,1592708684973
0.0,0.0,23.082,23.8,1592708685059
0.0,0.0,23.082,23.8,1592708685112
0.0,0.0,23.082,23.8,1592708685182
0.0,0.0,23.082,23.8,1592708685254
0.0,0.0,23.082,23.8,1592708685322
0.0,0.0,23.072,23.8,1592708685393
0.0,0.0,23.082,23.8,1592708685468
0.0,0.0,23.072,23.8,1592708685536
0.0,0.0,23.072,23.8,1592708685602
0.0,0.0,23.072,23.8,1592708685682
0.0,0.0,23.061,23.8,1592708685744
0.0,0.0,23.061,23.8,1592708686343
0.0,0.0,23.061,23.8,1592708686347
0.0,0.0,23.051,23.8,1592708686375
0.0,0.0,23.051,23.8,1592708686383
0.0,0.0,23.051,23.8,1592708686434
0.0,0.0,23.041,23.8,1592708686476
0.0,0.0,23.041,23.8,1592708686546
0.0,0.0,23.041,23.8,1592708686685
0.0,0.0,23.041,23.8,1592708686766
0.0,0.0,23.041,23.8,1592708686827
0.0,0.0,23.03,23.8,1592708686897
0.0,0.0,23.02,23.8,1592708686968
0.0,0.0,23.02,23.8,1592708687037
0.0,0.0,23.02,23.8,1592708687106
0.0,0.0,23.02,23.8,1592708687175
0.0,0.0,23.02,23.8,1592708687247
0.0,0.0,23.03,23.8,1592708687386
0.0,0.0,23.041,23.8,1592708687456
0.0,0.0,23.041,23.8,1592708687526
0.0,0.0,23.041,23.8,1592708687595
0.0,0.0,23.041,23.8,1592708687666
0.0,0.0,23.041,23.8,1592708687735
0.0,0.0,23.041,23.8,1592708687821
0.0,0.0,23.041,23.8,1592708687878
0.0,0.0,23.041,23.8,1592708687946
0.0,0.0,23.041,23.8,1592708688017
0.0,0.0,23.041,23.8,1592708688085
0.0,0.0,23.061,23.8,1592708688157
0.0,0.0,23.072,23.8,1592708688297
0.0,0.0,23.072,23.8,1592708688435
0.0,0.0,23.082,23.8,1592708688507
0.0,0.0,23.124,23.8,1592708688577
0.0,0.0,23.134,23.8,1592708688646
0.0,0.0,23.134,23.8,1592708688715
0.0,0.0,23.134,23.8,1592708688792
0.0,0.0,23.134,23.8,1592708688855
0.0,0.0,23.145,23.8,1592708688929
0.0,0.0,23.145,23.8,1592708688997
0.0,0.0,23.134,23.8,1592708689065
0.0,0.0,23.124,23.8,1592708689157
0.0,0.0,23.124,23.8,1592708689206
0.0,0.0,23.124,23.8,1592708689281
0.0,0.0,23.134,23.8,1592708689347
0.0,0.0,23.166,23.8,1592708689417
0.0,0.0,23.186,23.8,1592708689487
0.0,0.0,23.176,23.8,1592708689555
0.0,0.0,23.186,23.8,1592708689764
0.0,0.0,23.186,23.8,1592708689908
0.0,0.0,23.186,23.8,1592708689977
0.0,0.0,23.176,23.8,1592708690045
0.0,0.0,23.176,23.8,1592708690117
0.0,0.0,23.186,23.8,1592708690192
0.0,0.0,23.186,23.8,1592708690255
0.0,0.0,23.186,23.8,1592708690325
0.0,0.0,23.186,23.8,1592708690395
0.0,0.0,23.186,23.8,1592708690465
0.0,0.0,23.197,23.8,1592708690545
0.0,0.0,23.197,23.8,1592708690606
0.0,0.0,23.207,23.8,1592708690675
0.0,0.0,23.207,23.8,1592708690745
0.0,0.0,23.197,23.8,1592708691362
0.0,0.0,23.197,23.8,1592708691393
0.0,0.0,23.186,23.8,1592708691399
0.0,0.0,23.145,23.8,1592708691403
0.0,0.0,23.145,23.8,1592708691408
0.0,0.0,23.145,23.8,1592708691427
0.0,0.0,23.145,23.8,1592708691496
0.0,0.0,23.145,23.8,1592708691574
0.0,0.0,23.145,23.8,1592708691636
0.0,0.0,23.145,23.8,1592708691707
0.0,0.0,23.145,23.8,1592708691777
0.0,0.0,23.155,23.8,1592708691846
0.0,0.0,23.155,23.8,1592708691917
0.0,0.0,23.155,23.8,1592708691988
0.0,0.0,23.155,23.8,1592708692127
0.0,0.0,23.155,23.8,1592708692268
0.0,0.0,23.134,23.8,1592708692336
0.0,0.0,23.145,23.8,1592708692406
0.0,0.0,23.134,23.8,1592708692477
0.0,0.0,23.134,23.8,1592708692546
0.0,0.0,23.134,23.8,1592708692621
0.0,0.0,23.134,23.8,1592708692689
0.0,0.0,23.124,23.8,1592708692756
0.0,0.0,23.113,23.8,1592708692834
0.0,0.0,23.113,23.8,1592708692897
0.0,0.0,23.124,23.8,1592708692966
0.0,0.0,23.124,23.8,1592708693037
0.0,0.0,23.113,23.8,1592708693106
0.0,0.0,23.113,23.8,1592708693178
0.0,0.0,23.103,23.8,1592708693275
0.0,0.0,23.093,23.8,1592708693318
0.0,0.0,23.082,23.8,1592708693386
0.0,0.0,23.082,23.8,1592708693457
0.0,0.0,23.093,23.8,1592708693529
0.0,0.0,23.093,23.8,1592708693598
0.0,0.0,23.113,23.8,1592708693666
0.0,0.0,23.124,23.8,1592708693738
0.0,0.0,23.134,23.8,1592708693808
0.0,0.0,23.134,23.8,1592708693876
0.0,0.0,23.134,23.8,1592708694227
0.0,0.0,23.145,23.8,1592708694300
0.0,0.0,23.145,23.8,1592708694367
0.0,0.0,23.134,23.8,1592708694610
0.0,0.0,23.134,23.8,1592708694642
0.0,0.0,23.134,23.8,1592708694648
0.0,0.0,23.134,23.8,1592708694652
0.0,0.0,23.134,23.8,1592708694716
0.0,0.0,23.113,23.8,1592708694881
0.0,0.0,23.103,23.8,1592708694886
0.0,0.0,23.093,23.8,1592708694929
0.0,0.0,23.093,23.8,1592708694997
0.0,0.0,23.093,23.8,1592708695153
0.0,0.0,23.093,23.8,1592708695158
0.0,0.0,23.093,23.8,1592708695207
0.0,0.0,23.103,23.8,1592708695423
0.0,0.0,23.113,23.8,1592708695427
0.0,0.0,23.113,23.8,1592708695433
0.0,0.0,23.113,23.8,1592708695487
0.0,0.0,23.103,23.8,1592708695708
0.0,0.0,23.103,23.8,1592708695739
0.0,0.0,23.113,23.8,1592708695748
0.0,0.0,23.134,23.8,1592708695986
0.0,0.0,23.134,23.8,1592708695992
0.0,0.0,23.134,23.8,1592708695995
0.0,0.0,23.134,23.8,1592708696048
0.0,0.0,23.124,23.8,1592708696287
0.0,0.0,23.124,23.8,1592708696291
0.0,0.0,23.113,23.8,1592708696302
0.0,0.0,23.103,23.8,1592708696341
0.0,0.0,23.093,23.8,1592708696398
0.0,0.0,23.093,23.8,1592708697207
0.0,0.0,23.082,23.8,1592708697251
0.0,0.0,23.082,23.8,1592708697264
0.0,0.0,23.082,23.8,1592708697272
0.0,0.0,23.082,23.8,1592708697276
0.0,0.0,23.082,23.8,1592708697509
0.0,0.0,23.082,23.8,1592708697521
0.0,0.0,23.093,23.8,1592708697537
0.0,0.0,23.103,23.8,1592708697558
0.0,0.0,23.103,23.8,1592708697621
0.0,0.0,23.103,23.8,1592708697690
0.0,0.0,23.113,23.8,1592708697760
0.0,0.0,23.113,23.8,1592708697830
0.0,0.0,23.124,23.8,1592708697970
0.0,0.0,23.134,23.8,1592708698039
0.0,0.0,23.134,23.8,1592708698110
0.0,0.0,23.124,23.8,1592708698182
0.0,0.0,23.124,23.8,1592708698251
0.0,0.0,23.124,23.8,1592708698320
0.0,0.0,23.124,23.8,1592708698389
0.0,0.0,23.124,23.8,1592708698529
0.0,0.0,23.124,23.8,1592708698601
0.0,0.0,23.124,23.8,1592708698739
0.0,0.0,23.103,23.8,1592708698810
0.0,0.0,23.103,23.8,1592708698883
0.0,0.0,23.093,23.8,1592708698949
0.0,0.0,23.093,23.8,1592708699021
0.0,0.0,23.093,23.8,1592708699091
0.0,0.0,23.093,23.8,1592708699160
0.0,0.0,23.082,23.8,1592708699230
0.0,0.0,23.072,23.8,1592708699301
0.0,0.0,23.082,23.8,1592708699371
0.0,0.0,23.082,23.8,1592708699439
0.0,0.0,23.082,23.8,1592708699652
0.0,0.0,23.093,23.8,1592708699719
0.0,0.0,23.093,23.8,1592708699795
0.0,0.0,23.093,23.8,1592708699859
0.0,0.0,23.093,23.8,1592708699929
0.0,0.0,23.093,23.8,1592708699999
0.0,0.0,23.093,23.8,1592708700140
0.0,0.0,23.082,23.8,1592708700209
0.0,0.0,23.082,23.8,1592708700282
0.0,0.0,23.082,23.8,1592708700349
0.0,0.0,23.082,23.8,1592708700421
0.0,0.0,23.072,23.8,1592708700494
0.0,0.0,23.061,23.8,1592708700565
0.0,0.0,23.061,23.8,1592708700630
0.0,0.0,23.061,23.8,1592708700698
0.0,0.0,23.061,23.8,1592708700770
0.0,0.0,23.051,23.8,1592708700839
0.0,0.0,23.051,23.8,1592708700909
0.0,0.0,23.061,23.8,1592708701050
0.0,0.0,23.061,23.8,1592708701119
0.0,0.0,23.061,23.8,1592708701190
0.0,0.0,23.072,23.8,1592708701260
0.0,0.0,23.072,23.8,1592708701398
0.0,0.0,23.072,23.8,1592708701470
0.0,0.0,23.082,23.8,1592708701560
0.0,0.0,23.082,23.8,1592708702111
0.0,0.0,23.093,23.8,1592708702162
0.0,0.0,23.093,23.8,1592708702170
0.0,0.0,23.093,23.8,1592708702177
0.0,0.0,23.093,23.8,1592708702182
0.0,0.0,23.082,23.8,1592708702247
0.0,0.0,23.082,23.8,1592708702386
0.0,0.0,23.072,23.8,1592708702455
0.0,0.0,23.072,23.8,1592708702526
0.0,0.0,23.061,23.8,1592708702596
0.0,0.0,23.051,23.8,1592708702669
0.0,0.0,23.051,23.8,1592708702735
0.0,0.0,23.051,23.8,1592708702809
0.0,0.0,23.051,23.8,1592708702880
0.0,0.0,23.051,23.8,1592708702946
0.0,0.0,23.041,23.8,1592708703015
0.0,0.0,23.041,23.8,1592708703085
0.0,0.0,23.041,23.8,1592708703156
0.0,0.0,23.041,23.8,1592708703227
0.0,0.0,23.041,23.8,1592708703366
0.0,0.0,23.041,23.8,1592708703443
0.0,0.0,23.041,23.8,1592708703508
0.0,0.0,23.041,23.8,1592708703575
0.0,0.0,23.041,23.8,1592708703644
0.0,0.0,23.041,23.8,1592708703715
0.0,0.0,23.041,23.8,1592708703788
0.0,0.0,23.03,23.8,1592708703856
0.0,0.0,23.03,23.8,1592708703926
0.0,0.0,23.02,23.8,1592708703997
0.0,0.0,23.02,23.8,1592708704066
0.0,0.0,23.02,23.8,1592708704134
0.0,0.0,23.03,23.8,1592708704279
0.0,0.0,23.041,23.8,1592708704352
0.0,0.0,23.03,23.8,1592708704416
0.0,0.0,23.03,23.8,1592708704489
0.0,0.0,23.041,23.8,1592708704560
0.0,0.0,23.041,23.8,1592708704625
0.0,0.0,23.051,23.8,1592708704766
0.0,0.0,23.051,23.8,1592708704834
0.0,0.0,23.061,23.8,1592708704910
0.0,0.0,23.061,23.8,1592708704976
0.0,0.0,23.072,23.8,1592708705047
0.0,0.0,23.072,23.8,1592708705116
0.0,0.0,23.072,23.8,1592708705185
0.0,0.0,23.082,23.8,1592708705257
0.0,0.0,23.082,23.8,1592708705325
0.0,0.0,23.072,23.8,1592708705397
0.0,0.0,23.072,23.8,1592708705478
0.0,0.0,23.072,23.8,1592708705535
0.0,0.0,23.082,23.8,1592708705610
0.0,0.0,23.082,23.8,1592708705677
0.0,0.0,23.082,23.8,1592708705745
0.0,0.0,23.082,23.8,1592708705885
0.0,0.0,23.082,23.8,1592708705955
0.0,0.0,23.082,23.8,1592708706025
0.0,0.0,23.103,23.8,1592708706097
0.0,0.0,23.103,23.8,1592708706170
0.0,0.0,23.103,23.8,1592708706238
0.0,0.0,23.103,23.8,1592708706306
0.0,0.0,23.093,23.8,1592708706376
0.0,0.0,23.093,23.8,1592708707129
0.0,0.0,23.093,23.8,1592708707157
0.0,0.0,23.082,23.8,1592708707166
0.0,0.0,23.072,23.8,1592708707171
0.0,0.0,23.072,23.8,1592708707212
0.0,0.0,23.061,23.8,1592708707263
0.0,0.0,23.061,23.8,1592708707333
0.0,0.0,23.061,23.8,1592708707403
0.0,0.0,23.061,23.8,1592708707474
0.0,0.0,23.072,23.8,1592708707552
0.0,0.0,23.072,23.8,1592708707684
0.0,0.0,23.072,23.8,1592708707753
0.0,0.0,23.072,23.8,1592708707825
0.0,0.0,23.072,23.8,1592708707907
0.0,0.0,23.082,23.8,1592708708033
0.0,0.0,23.082,23.8,1592708708104
0.0,0.0,23.072,23.8,1592708708173
0.0,0.0,23.072,23.8,1592708708244
0.0,0.0,23.072,23.8,1592708708314
0.0,0.0,23.072,23.8,1592708708382
0.0,0.0,23.072,23.8,1592708708453
0.0,0.0,23.072,23.8,1592708708523
0.0,0.0,23.072,23.8,1592708708593
0.0,0.0,23.072,23.8,1592708708666
0.0,0.0,23.072,23.8,1592708708733
0.0,0.0,23.072,23.8,1592708708802
0.0,0.0,23.072,23.8,1592708708883
0.0,0.0,23.072,23.8,1592708708945
0.0,0.0,23.072,23.8,1592708709153
0.0,0.0,23.072,23.8,1592708709432
0.0,0.0,23.113,23.8,1592708709511
0.0,0.0,23.124,23.8,1592708709574
0.0,0.0,23.124,23.8,1592708709643
0.0,0.0,23.124,23.8,1592708709715
0.0,0.0,23.134,23.8,1592708709785
0.0,0.0,23.134,23.8,1592708709855
0.0,0.0,23.134,23.8,1592708709923
0.0,0.0,23.134,23.8,1592708710001
0.0,0.0,23.134,23.8,1592708710078
0.0,0.0,23.124,23.8,1592708710135
0.0,0.0,23.124,23.8,1592708710205
0.0,0.0,23.124,23.8,1592708710274
0.0,0.0,23.113,23.8,1592708710347
0.0,0.0,23.113,23.8,1592708710413
0.0,0.0,23.113,23.8,1592708710487
0.0,0.0,23.113,23.8,1592708710553
0.0,0.0,23.103,23.8,1592708710625
0.0,0.0,23.103,23.8,1592708710693
0.0,0.0,23.103,23.8,1592708710764
0.0,0.0,23.103,23.8,1592708710833
0.0,0.0,23.113,23.8,1592708710904
0.0,0.0,23.124,23.8,1592708710980
0.0,0.0,23.124,23.8,1592708711043
0.0,0.0,23.124,23.8,1592708711114
0.0,0.0,23.124,23.8,1592708711209
0.0,0.0,23.124,23.8,1592708711253
0.0,0.0,23.124,23.8,1592708711325
0.0,0.0,23.113,23.8,1592708711465
0.0,0.0,23.113,23.8,1592708711533
0.0,0.0,23.093,23.8,1592708712146
0.0,0.0,23.093,23.8,1592708712186
0.0,0.0,23.093,23.8,1592708712195
0.0,0.0,23.061,23.8,1592708712199
0.0,0.0,23.051,23.8,1592708712212
0.0,0.0,23.051,23.8,1592708712280
0.0,0.0,23.061,23.8,1592708712354
0.0,0.0,23.051,23.8,1592708712421
0.0,0.0,23.051,23.8,1592708712493
0.0,0.0,23.051,23.8,1592708712563
0.0,0.0,23.051,23.8,1592708712631
0.0,0.0,23.051,23.8,1592708712701
0.0,0.0,23.051,23.8,1592708712770
0.0,0.0,23.051,23.8,1592708712839
0.0,0.0,23.051,23.8,1592708712910
0.0,0.0,23.051,23.8,1592708712981
0.0,0.0,23.051,23.8,1592708713050
0.0,0.0,23.051,23.8,1592708713120
0.0,0.0,23.051,23.8,1592708713189
0.0,0.0,23.051,23.8,1592708713399
0.0,0.0,23.051,23.8,1592708713471
0.0,0.0,23.051,23.8,1592708713550
0.0,0.0,23.041,23.8,1592708713611
0.0,0.0,23.03,23.8,1592708713685
0.0,0.0,23.02,23.8,1592708713753
0.0,0.0,23.02,23.8,1592708713889
0.0,0.0,23.03,23.8,1592708713961
0.0,0.0,23.03,23.8,1592708714031
0.0,0.0,23.03,23.8,1592708714100
0.0,0.0,23.03,23.8,1592708714171
0.0,0.0,23.041,23.8,1592708714312
0.0,0.0,23.051,23.8,1592708714385
0.0,0.0,23.061,23.8,1592708714613
0.0,0.0,23.061,23.8,1592708714643
0.0,0.0,23.061,23.8,1592708714647
0.0,0.0,23.051,23.8,1592708714668
0.0,0.0,23.051,23.8,1592708714729
0.0,0.0,23.061,23.8,1592708714885
0.0,0.0,23.051,23.8,1592708714890
0.0,0.0,23.051,23.8,1592708714945
0.0,0.0,23.061,23.8,1592708715155
0.0,0.0,23.072,23.8,1592708715161
0.0,0.0,23.072,23.8,1592708715167
0.0,0.0,23.072,23.8,1592708715220
0.0,0.0,23.103,23.8,1592708715426
0.0,0.0,23.113,23.8,1592708715433
0.0,0.0,23.113,23.8,1592708715501
0.0,0.0,23.113,23.8,1592708715707
0.0,0.0,23.124,23.8,1592708715738
0.0,0.0,23.124,23.8,1592708715747
0.0,0.0,23.124,23.8,1592708715792
0.0,0.0,23.134,23.8,1592708715987
0.0,0.0,23.145,23.8,1592708715994
0.0,0.0,23.145,23.8,1592708716062
0.0,0.0,23.155,23.8,1592708716288
0.0,0.0,23.155,23.8,1592708716292
0.0,0.0,23.155,23.8,1592708716344
0.0,0.0,23.145,23.8,1592708717208
0.0,0.0,23.145,23.8,1592708717243
0.0,0.0,23.134,23.8,1592708717251
0.0,0.0,23.124,23.8,1592708717255
0.0,0.0,23.124,23.8,1592708717265
0.0,0.0,23.124,23.8,1592708717275
0.0,0.0,23.113,23.8,1592708717510
0.0,0.0,23.093,23.8,1592708717514
0.0,0.0,23.093,23.8,1592708717535
0.0,0.0,23.093,23.8,1592708717571
0.0,0.0,23.093,23.8,1592708717625
0.0,0.0,23.093,23.8,1592708717697
0.0,0.0,23.082,23.8,1592708717766
0.0,0.0,23.093,23.8,1592708717836
0.0,0.0,23.093,23.8,1592708717908
0.0,0.0,23.082,23.8,1592708717976
0.0,0.0,23.082,23.8,1592708718045
0.0,0.0,23.082,23.8,1592708718114
0.0,0.0,23.082,23.8,1592708718189
0.0,0.0,23.041,23.8,1592708718256
0.0,0.0,23.041,23.8,1592708718345
0.0,0.0,23.041,23.8,1592708718393
0.0,0.0,23.03,23.8,1592708718465
0.0,0.0,23.02,23.8,1592708718536
0.0,0.0,23.02,23.8,1592708718603
0.0,0.0,23.009,23.8,1592708718678
0.0,0.0,22.999,23.8,1592708718746
0.0,0.0,22.989,23.8,1592708718816
0.0,0.0,22.978,23.8,1592708718904
0.0,0.0,22.968,23.8,1592708718966
0.0,0.0,22.968,23.8,1592708719027
0.0,0.0,22.968,23.8,1592708719094
0.0,0.0,22.968,23.8,1592708719164
0.0,0.0,22.968,23.8,1592708719234
0.0,0.0,22.968,23.8,1592708719307
0.0,0.0,22.978,23.8,1592708719375
0.0,0.0,22.968,23.8,1592708719517
0.0,0.0,22.968,23.8,1592708719660
0.0,0.0,22.978,23.8,1592708719725
0.0,0.0,22.968,23.8,1592708719796
0.0,0.0,22.968,23.8,1592708719876
0.0,0.0,22.968,23.8,1592708719934
0.0,0.0,22.978,23.8,1592708720006
0.0,0.0,22.978,23.8,1592708720077
0.0,0.0,22.978,23.8,1592708720144
0.0,0.0,22.968,23.8,1592708720216
0.0,0.0,22.968,23.8,1592708720299
0.0,0.0,22.957,23.8,1592708720360
0.0,0.0,22.947,23.8,1592708720426
0.0,0.0,22.947,23.8,1592708720498
0.0,0.0,22.947,23.8,1592708720569
0.0,0.0,22.947,23.8,1592708720634
0.0,0.0,22.947,23.8,1592708720705
0.0,0.0,22.947,23.8,1592708720774
0.0,0.0,22.947,23.8,1592708720844
0.0,0.0,22.957,23.8,1592708720931
0.0,0.0,22.957,23.8,1592708720984
0.0,0.0,22.957,23.8,1592708721054
0.0,0.0,22.968,23.8,1592708721127
0.0,0.0,22.978,23.8,1592708721266
0.0,0.0,22.978,23.8,1592708721334
0.0,0.0,22.989,23.8,1592708721405
0.0,0.0,22.989,23.8,1592708721544
0.0,0.0,22.999,23.8,1592708722079
0.0,0.0,22.999,23.8,1592708722084
0.0,0.0,22.999,23.8,1592708722114
0.0,0.0,22.999,23.8,1592708722123
0.0,0.0,22.999,23.8,1592708722127
0.0,0.0,22.999,23.8,1592708722170
0.0,0.0,22.999,23.8,1592708722214
0.0,0.0,22.999,23.8,1592708722286
0.0,0.0,22.999,23.8,1592708722354
0.0,0.0,23.009,23.8,1592708722425
0.0,0.0,23.009,23.8,1592708722528
0.0,0.0,23.009,23.8,1592708722563
0.0,0.0,23.009,23.8,1592708722633
0.0,0.0,23.009,23.8,1592708722704
0.0,0.0,23.02,23.8,1592708722775
0.0,0.0,23.02,23.8,1592708722844
0.0,0.0,23.02,23.8,1592708722913
0.0,0.0,23.03,23.8,1592708722984
0.0,0.0,23.03,23.8,1592708723053
0.0,0.0,23.03,23.8,1592708723124
0.0,0.0,23.03,23.8,1592708723193
0.0,0.0,23.03,23.8,1592708723263
0.0,0.0,23.03,23.8,1592708723402
0.0,0.0,23.041,23.8,1592708723474
0.0,0.0,23.041,23.8,1592708723550
0.0,0.0,23.041,23.8,1592708723613
0.0,0.0,23.041,23.8,1592708723687
0.0,0.0,23.03,23.8,1592708723755
0.0,0.0,23.03,23.8,1592708723825
0.0,0.0,23.02,23.8,1592708723895
0.0,0.0,23.02,23.8,1592708723964
0.0,0.0,23.02,23.8,1592708724034
0.0,0.0,23.009,23.8,1592708724105
0.0,0.0,23.009,23.8,1592708724173
0.0,0.0,23.009,23.8,1592708724244
0.0,0.0,23.009,23.8,1592708724314
0.0,0.0,23.009,23.8,1592708724383
0.0,0.0,23.009,23.8,1592708724456
0.0,0.0,23.009,23.8,1592708724523
0.0,0.0,23.02,23.8,1592708724619
0.0,0.0,23.02,23.8,1592708724802
0.0,0.0,23.009,23.8,1592708724874
0.0,0.0,23.009,23.8,1592708724947
0.0,0.0,23.009,23.8,1592708725013
0.0,0.0,23.009,23.8,1592708725083
0.0,0.0,22.999,23.8,1592708725154
0.0,0.0,22.999,23.8,1592708725223
0.0,0.0,22.999,23.8,1592708725293
0.0,0.0,22.999,23.8,1592708725362
0.0,0.0,22.999,23.8,1592708725438
0.0,0.0,22.989,23.8,1592708725521
0.0,0.0,22.989,23.8,1592708725573
0.0,0.0,22.989,23.8,1592708725645
0.0,0.0,22.978,23.8,1592708725714
0.0,0.0,22.989,23.8,1592708725784
0.0,0.0,22.989,23.8,1592708725852
0.0,0.0,22.989,23.8,1592708725926
0.0,0.0,22.989,23.8,1592708725992
0.0,0.0,22.989,23.8,1592708726064
0.0,0.0,22.989,23.8,1592708726133
0.0,0.0,22.989,23.8,1592708726203
0.0,0.0,22.999,23.8,1592708726343
0.0,0.0,22.999,23.8,1592708726413
0.0,0.0,22.999,23.8,1592708726496
0.0,0.0,22.999,23.8,1592708726642
0.0,0.0,22.999,23.8,1592708726645
0.0,0.0,22.999,23.8,1592708726694
0.0,0.0,22.999,23.8,1592708726762
0.0,0.0,22.999,23.8,1592708726849
0.0,0.0,22.999,23.8,1592708726903
0.0,0.0,22.999,23.8,1592708726974
0.0,0.0,22.989,23.8,1592708727049
0.0,0.0,22.989,23.8,1592708727113
0.0,0.0,22.989,23.8,1592708727711
0.0,0.0,22.989,23.8,1592708727743
0.0,0.0,22.989,23.8,1592708727751
0.0,0.0,22.989,23.8,1592708727755
0.0,0.0,22.999,23.8,1592708727777
0.0,0.0,22.999,23.8,1592708728124
0.0,0.0,22.989,23.8,1592708728197
0.0,0.0,22.989,23.8,1592708728265
0.0,0.0,22.999,23.8,1592708728337
0.0,0.0,22.999,23.8,1592708728405
0.0,0.0,22.999,23.8,1592708728475
0.0,0.0,22.999,23.8,1592708728544
0.0,0.0,22.999,23.8,1592708728615
0.0,0.0,22.999,23.8,1592708728685
0.0,0.0,23.02,23.8,1592708728765
0.0,0.0,23.02,23.8,1592708728894
0.0,0.0,23.009,23.8,1592708728969
0.0,0.0,23.009,23.8,1592708729035
0.0,0.0,23.009,23.8,1592708729110
0.0,0.0,23.009,23.8,1592708729175
0.0,0.0,23.009,23.8,1592708729315
0.0,0.0,23.009,23.8,1592708729385
0.0,0.0,23.009,23.8,1592708729455
0.0,0.0,23.009,23.8,1592708729525
0.0,0.0,23.009,23.8,1592708729595
0.0,0.0,23.009,23.8,1592708729665
0.0,0.0,23.009,23.8,1592708729735
0.0,0.0,22.999,23.8,1592708729819
0.0,0.0,22.999,23.8,1592708729875
0.0,0.0,23.009,23.8,1592708729953
0.0,0.0,23.009,23.8,1592708730017
0.0,0.0,23.009,23.8,1592708730085
0.0,0.0,23.009,23.8,1592708730154
0.0,0.0,23.009,23.8,1592708730229
0.0,0.0,23.02,23.8,1592708730296
0.0,0.0,23.02,23.8,1592708730365
0.0,0.0,23.02,23.8,1592708730435
0.0,0.0,23.02,23.8,1592708730505
0.0,0.0,23.03,23.8,1592708730716
0.0,0.0,23.03,23.8,1592708730785
0.0,0.0,23.03,23.8,1592708730858
0.0,0.0,23.03,23.8,1592708730925
0.0,0.0,23.03,23.8,1592708730997
0.0,0.0,23.03,23.8,1592708731065
0.0,0.0,23.03,23.8,1592708731140
0.0,0.0,23.03,23.8,1592708731204
0.0,0.0,23.009,23.8,1592708731277
0.0,0.0,23.009,23.8,1592708731349
0.0,0.0,23.02,23.8,1592708731416
0.0,0.0,23.02,23.8,1592708731554
0.0,0.0,23.02,23.8,1592708731625
0.0,0.0,23.009,23.8,1592708731697
0.0,0.0,23.009,23.8,1592708731765
0.0,0.0,23.009,23.8,1592708731835
0.0,0.0,23.009,23.8,1592708731910
0.0,0.0,23.009,23.8,1592708731975
0.0,0.0,23.02,23.8,1592708732048
0.0,0.0,23.02,23.8,1592708732114
0.0,0.0,23.02,23.8,1592708732727
0.0,0.0,23.02,23.8,1592708732761
0.0,0.0,23.03,23.8,1592708732769
0.0,0.0,23.03,23.8,1592708732773
0.0,0.0,23.02,23.8,1592708733631
0.0,0.0,23.02,23.8,1592708733703
0.0,0.0,23.02,23.8,1592708733774
0.0,0.0,23.02,23.8,1592708733842
0.0,0.0,23.02,23.8,1592708733912
0.0,0.0,23.02,23.8,1592708733981
0.0,0.0,23.02,23.8,1592708734052
0.0,0.0,23.02,23.8,1592708734123
0.0,0.0,23.02,23.8,1592708734191
0.0,0.0,23.03,23.8,1592708734267
0.0,0.0,23.041,23.8,1592708734347
0.0,0.0,23.041,23.8,1592708734403
0.0,0.0,23.041,23.8,1592708734616
0.0,0.0,23.051,23.8,1592708734621
0.0,0.0,23.051,23.8,1592708734685
0.0,0.0,23.051,23.8,1592708734889
0.0,0.0,23.051,23.8,1592708734922
0.0,0.0,23.041,23.8,1592708734928
0.0,0.0,23.041,23.8,1592708734966
0.0,0.0,23.041,23.8,1592708735160
0.0,0.0,23.051,23.8,1592708735163
0.0,0.0,23.051,23.8,1592708735174
0.0,0.0,23.051,23.8,1592708735242
0.0,0.0,23.051,23.8,1592708735428
0.0,0.0,23.061,23.8,1592708735431
0.0,0.0,23.061,23.8,1592708735454
0.0,0.0,23.051,23.8,1592708735522
0.0,0.0,23.051,23.8,1592708735711
0.0,0.0,23.051,23.8,1592708735734
0.0,0.0,23.051,23.8,1592708735802
0.0,0.0,23.061,23.8,1592708735988
0.0,0.0,23.082,23.8,1592708736020
0.0,0.0,23.082,23.8,1592708736030
0.0,0.0,23.082,23.8,1592708736084
0.0,0.0,23.093,23.8,1592708736290
0.0,0.0,23.093,23.8,1592708736295
0.0,0.0,23.093,23.8,1592708736302
0.0,0.0,23.093,23.8,1592708736362
0.0,0.0,23.103,23.8,1592708736598
0.0,0.0,23.103,23.8,1592708736601
0.0,0.0,23.093,23.8,1592708736609
0.0,0.0,23.093,23.8,1592708736651
0.0,0.0,23.093,23.8,1592708736712
0.0,0.0,23.093,23.8,1592708736904
0.0,0.0,23.093,23.8,1592708736907
0.0,0.0,23.093,23.8,1592708736925
0.0,0.0,23.103,23.8,1592708736993
0.0,0.0,23.103,23.8,1592708737675
0.0,0.0,23.103,23.8,1592708737704
0.0,0.0,23.103,23.8,1592708737710
0.0,0.0,23.103,23.8,1592708737714
0.0,0.0,23.103,23.8,1592708737739
0.0,0.0,23.103,23.8,1592708737808
0.0,0.0,23.103,23.8,1592708737881
0.0,0.0,23.103,23.8,1592708737950
0.0,0.0,23.103,23.8,1592708738045
0.0,0.0,23.103,23.8,1592708738087
0.0,0.0,23.103,23.8,1592708738159
0.0,0.0,23.103,23.8,1592708738236
0.0,0.0,23.113,23.8,1592708738298
0.0,0.0,23.113,23.8,1592708738368
0.0,0.0,23.103,23.8,1592708738440
0.0,0.0,23.093,23.8,1592708738509
0.0,0.0,23.072,23.8,1592708738586
0.0,0.0,23.072,23.8,1592708738648
0.0,0.0,23.072,23.8,1592708738718
0.0,0.0,23.082,23.8,1592708738790
0.0,0.0,23.082,23.8,1592708738857
0.0,0.0,23.082,23.8,1592708738929
0.0,0.0,23.072,23.8,1592708739010
0.0,0.0,23.072,23.8,1592708739068
0.0,0.0,23.061,23.8,1592708739148
0.0,0.0,23.061,23.8,1592708739207
0.0,0.0,23.072,23.8,1592708739352
0.0,0.0,23.061,23.8,1592708739488
0.0,0.0,23.061,23.8,1592708739558
0.0,0.0,23.061,23.8,1592708739630
0.0,0.0,23.061,23.8,1592708739712
0.0,0.0,23.051,23.8,1592708739768
0.0,0.0,23.051,23.8,1592708739838
0.0,0.0,23.051,23.8,1592708739919
0.0,0.0,23.051,23.8,1592708739977
0.0,0.0,23.051,23.8,1592708740048
0.0,0.0,23.051,23.8,1592708740117
0.0,0.0,23.051,23.8,1592708740189
0.0,0.0,23.061,23.8,1592708740260
0.0,0.0,23.061,23.8,1592708740329
0.0,0.0,23.061,23.8,1592708740398
0.0,0.0,23.061,23.8,1592708740470
0.0,0.0,23.061,23.8,1592708740540
0.0,0.0,23.061,23.8,1592708740610
0.0,0.0,23.061,23.8,1592708740678
0.0,0.0,23.061,23.8,1592708740819
0.0,0.0,23.051,23.8,1592708740888
0.0,0.0,23.051,23.8,1592708740957
0.0,0.0,23.051,23.8,1592708741028
0.0,0.0,23.051,23.8,1592708741097
0.0,0.0,23.041,23.8,1592708741308
0.0,0.0,23.041,23.8,1592708741378
0.0,0.0,23.03,23.8,1592708741450
0.0,0.0,23.03,23.8,1592708741524
0.0,0.0,23.03,23.8,1592708741589
0.0,0.0,23.03,23.8,1592708741660
0.0,0.0,23.041,23.8,1592708741728
0.0,0.0,23.041,23.8,1592708741803
0.0,0.0,23.041,23.8,1592708741868
0.0,0.0,23.041,23.8,1592708741939
0.0,0.0,23.041,23.8,1592708742008
0.0,0.0,23.041,23.8,1592708742079
0.0,0.0,23.03,23.8,1592708742151
0.0,0.0,23.03,23.8,1592708742764
0.0,0.0,23.041,23.8,1592708742769
0.0,0.0,23.041,23.8,1592708742775
0.0,0.0,23.051,23.8,1592708742830
0.0,0.0,23.051,23.8,1592708742898
0.0,0.0,23.051,23.8,1592708742969
0.0,0.0,23.051,23.8,1592708743037
0.0,0.0,23.041,23.8,1592708743108
0.0,0.0,23.041,23.8,1592708743178
0.0,0.0,23.051,23.8,1592708743249
0.0,0.0,23.051,23.8,1592708743317
0.0,0.0,23.051,23.8,1592708743390
0.0,0.0,23.051,23.8,1592708743459
0.0,0.0,23.051,23.8,1592708743529
0.0,0.0,23.061,23.8,1592708743600
0.0,0.0,23.072,23.8,1592708743671
0.0,0.0,23.072,23.8,1592708743738
0.0,0.0,23.072,23.8,1592708743808
0.0,0.0,23.072,23.8,1592708743880
0.0,0.0,23.082,23.8,1592708743948
0.0,0.0,23.082,23.8,1592708744032
0.0,0.0,23.082,23.8,1592708744089
0.0,0.0,23.093,23.8,1592708744159
0.0,0.0,23.093,23.8,1592708744232
0.0,0.0,23.093,23.8,1592708744300
0.0,0.0,23.082,23.8,1592708744369
0.0,0.0,23.082,23.8,1592708744439
0.0,0.0,23.082,23.8,1592708744515
0.0,0.0,23.082,23.8,1592708744577
0.0,0.0,23.082,23.8,1592708744649
0.0,0.0,23.082,23.8,1592708744719
0.0,0.0,23.082,23.8,1592708744794
0.0,0.0,23.082,23.8,1592708744860
0.0,0.0,23.072,23.8,1592708744928
0.0,0.0,23.072,23.8,1592708744999
0.0,0.0,23.072,23.8,1592708745068
0.0,0.0,23.072,23.8,1592708745138
0.0,0.0,23.072,23.8,1592708745208
0.0,0.0,23.072,23.8,1592708745278
0.0,0.0,23.082,23.8,1592708745362
0.0,0.0,23.072,23.8,1592708745422
0.0,0.0,23.072,23.8,1592708745493
0.0,0.0,23.072,23.8,1592708745557
0.0,0.0,23.072,23.8,1592708745628
0.0,0.0,23.072,23.8,1592708745703
0.0,0.0,23.072,23.8,1592708745767
0.0,0.0,23.061,23.8,1592708745841
0.0,0.0,23.061,23.8,1592708745978
0.0,0.0,23.061,23.8,1592708746048
0.0,0.0,23.072,23.8,1592708746119
0.0,0.0,23.082,23.8,1592708746192
0.0,0.0,23.082,23.8,1592708746257
0.0,0.0,23.082,23.8,1592708746327
0.0,0.0,23.082,23.8,1592708746397
0.0,0.0,23.082,23.8,1592708746477
0.0,0.0,23.082,23.8,1592708746538
0.0,0.0,23.082,23.8,1592708746609
0.0,0.0,23.093,23.8,1592708746680
0.0,0.0,23.093,23.8,1592708746750
0.0,0.0,23.093,23.8,1592708746825
0.0,0.0,23.103,23.8,1592708747028
0.0,0.0,23.103,23.8,1592708747678
0.0,0.0,23.103,23.8,1592708747710
0.0,0.0,23.113,23.8,1592708747719
0.0,0.0,23.113,23.8,1592708747813
0.0,0.0,23.113,23.8,1592708747886
0.0,0.0,23.124,23.8,1592708748025
0.0,0.0,23.124,23.8,1592708748093
0.0,0.0,23.124,23.8,1592708748164
0.0,0.0,23.124,23.8,1592708748234
0.0,0.0,23.124,23.8,1592708748304
0.0,0.0,23.124,23.8,1592708748584
0.0,0.0,23.124,23.8,1592708748654
0.0,0.0,23.113,23.8,1592708748727
0.0,0.0,23.113,23.8,1592708748795
0.0,0.0,23.113,23.8,1592708748864
0.0,0.0,23.113,23.8,1592708748934
0.0,0.0,23.113,23.8,1592708749011
0.0,0.0,23.113,23.8,1592708749075
0.0,0.0,23.113,23.8,1592708749145
0.0,0.0,23.113,23.8,1592708749218
0.0,0.0,23.093,23.8,1592708749286
0.0,0.0,23.093,23.8,1592708749354
0.0,0.0,23.093,23.8,1592708749426
0.0,0.0,23.093,23.8,1592708749496
0.0,0.0,23.093,23.8,1592708749564
0.0,0.0,23.093,23.8,1592708749635
0.0,0.0,23.093,23.8,1592708749707
0.0,0.0,23.103,23.8,1592708749783
0.0,0.0,23.093,23.8,1592708749845
0.0,0.0,23.093,23.8,1592708749915
0.0,0.0,23.093,23.8,1592708749984
0.0,0.0,23.082,23.8,1592708750056
0.0,0.0,23.082,23.8,1592708750128
0.0,0.0,23.082,23.8,1592708750264
0.0,0.0,23.072,23.8,1592708750405
0.0,0.0,23.072,23.8,1592708750475
0.0,0.0,23.072,23.8,1592708750616
0.0,0.0,23.061,23.8,1592708750690
0.0,0.0,23.061,23.8,1592708750755
0.0,0.0,23.061,23.8,1592708750824
0.0,0.0,23.061,23.8,1592708750903
0.0,0.0,23.061,23.8,1592708751034
0.0,0.0,23.061,23.8,1592708751106
0.0,0.0,23.061,23.8,1592708751176
0.0,0.0,23.072,23.8,1592708751250
0.0,0.0,23.082,23.8,1592708751316
0.0,0.0,23.093,23.8,1592708751387
0.0,0.0,23.093,23.8,1592708751455
0.0,0.0,23.082,23.8,1592708751526
0.0,0.0,23.082,23.8,1592708751599
0.0,0.0,23.082,23.8,1592708751668
0.0,0.0,23.082,23.8,1592708751735
0.0,0.0,23.082,23.8,1592708751808
0.0,0.0,23.082,23.8,1592708751874
0.0,0.0,23.082,23.8,1592708751945
0.0,0.0,23.082,23.8,1592708752025
0.0,0.0,23.082,23.8,1592708752085
0.0,0.0,23.082,23.8,1592708752155
0.0,0.0,23.093,23.8,1592708752244
0.0,0.0,23.093,23.8,1592708752295
0.0,0.0,23.093,23.8,1592708752365
0.0,0.0,23.093,23.8,1592708752437
0.0,0.0,23.093,23.8,1592708752505
0.0,0.0,23.103,23.8,1592708752576
0.0,0.0,23.103,23.8,1592708753108
0.0,0.0,23.093,23.8,1592708753114
0.0,0.0,23.093,23.8,1592708753123
0.0,0.0,23.082,23.8,1592708753127
0.0,0.0,23.082,23.8,1592708753173
0.0,0.0,23.082,23.8,1592708753240
0.0,0.0,23.082,23.8,1592708753316
0.0,0.0,23.082,23.8,1592708753379
0.0,0.0,23.082,23.8,1592708753455
0.0,0.0,23.082,23.8,1592708753526
0.0,0.0,23.082,23.8,1592708753729
0.0,0.0,23.093,23.8,1592708753802
0.0,0.0,23.082,23.8,1592708753869
0.0,0.0,23.082,23.8,1592708753942
0.0,0.0,23.072,23.8,1592708754015
0.0,0.0,23.072,23.8,1592708754080
0.0,0.0,23.072,23.8,1592708754150
0.0,0.0,23.072,23.8,1592708754359
0.0,0.0,23.072,23.8,1592708754430
0.0,0.0,23.072,23.8,1592708754631
0.0,0.0,23.072,23.8,1592708754640
0.0,0.0,23.061,23.8,1592708754649
0.0,0.0,23.061,23.8,1592708754710
0.0,0.0,23.061,23.8,1592708754902
0.0,0.0,23.061,23.8,1592708754905
0.0,0.0,23.061,23.8,1592708754922
0.0,0.0,23.051,23.8,1592708754991
0.0,0.0,23.051,23.8,1592708755172
0.0,0.0,23.051,23.8,1592708755175
0.0,0.0,23.051,23.8,1592708755201
0.0,0.0,23.051,23.8,1592708755270
0.0,0.0,23.051,23.8,1592708755442
0.0,0.0,23.051,23.8,1592708755447
0.0,0.0,23.051,23.8,1592708755484
0.0,0.0,23.051,23.8,1592708755549
0.0,0.0,23.051,23.8,1592708755720
0.0,0.0,23.051,23.8,1592708755749
0.0,0.0,23.051,23.8,1592708755762
0.0,0.0,23.051,23.8,1592708755830
0.0,0.0,23.051,23.8,1592708755995
0.0,0.0,23.051,23.8,1592708756003
0.0,0.0,23.051,23.8,1592708756057
0.0,0.0,23.051,23.8,1592708756109
0.0,0.0,23.051,23.8,1592708756297
0.0,0.0,23.041,23.8,1592708756328
0.0,0.0,23.041,23.8,1592708756390
0.0,0.0,23.041,23.8,1592708756603
0.0,0.0,23.051,23.8,1592708756608
0.0,0.0,23.051,23.8,1592708756615
0.0,0.0,23.061,23.8,1592708756672
0.0,0.0,23.072,23.8,1592708756909
0.0,0.0,23.072,23.8,1592708756940
0.0,0.0,23.082,23.8,1592708756948
0.0,0.0,23.082,23.8,1592708756954
0.0,0.0,23.082,23.8,1592708757019
0.0,0.0,23.093,23.8,1592708757206
0.0,0.0,23.093,23.8,1592708757210
0.0,0.0,23.093,23.8,1592708757231
0.0,0.0,23.093,23.8,1592708757299
0.0,0.0,23.093,23.8,1592708757513
0.0,0.0,23.082,23.8,1592708757522
0.0,0.0,23.082,23.8,1592708757535
0.0,0.0,23.082,23.8,1592708757579
0.0,0.0,23.093,23.8,1592708758139
0.0,0.0,23.093,23.8,1592708758169
0.0,0.0,23.103,23.8,1592708758177
0.0,0.0,23.093,23.8,1592708758182
0.0,0.0,23.103,23.8,1592708758187
0.0,0.0,23.103,23.8,1592708758250
0.0,0.0,23.103,23.8,1592708758321
0.0,0.0,23.103,23.8,1592708758391
0.0,0.0,23.103,23.8,1592708758463
0.0,0.0,23.103,23.8,1592708758536
0.0,0.0,23.103,23.8,1592708758601
0.0,0.0,23.103,23.8,1592708758682
0.0,0.0,23.103,23.8,1592708758742
0.0,0.0,23.103,23.8,1592708758815
0.0,0.0,23.103,23.8,1592708758882
0.0,0.0,23.103,23.8,1592708758951
0.0,0.0,23.093,23.8,1592708759023
0.0,0.0,23.093,23.8,1592708759091
0.0,0.0,23.093,23.8,1592708759161
0.0,0.0,23.093,23.8,1592708759230
0.0,0.0,23.093,23.8,1592708759304
0.0,0.0,23.093,23.8,1592708759370
0.0,0.0,23.093,23.8,1592708759442
0.0,0.0,23.093,23.8,1592708759511
0.0,0.0,23.093,23.8,1592708759581
0.0,0.0,23.093,23.8,1592708759658
0.0,0.0,23.093,23.8,1592708759721
0.0,0.0,23.093,23.8,1592708759802
0.0,0.0,23.093,23.8,1592708759862
0.0,0.0,23.093,23.8,1592708759931
0.0,0.0,23.093,23.8,1592708760008
0.0,0.0,23.082,23.8,1592708760279
0.0,0.0,23.082,23.8,1592708760352
0.0,0.0,23.072,23.8,1592708760431
0.0,0.0,23.072,23.8,1592708760490
0.0,0.0,23.072,23.8,1592708760700
0.0,0.0,23.072,23.8,1592708760770
0.0,0.0,23.061,23.8,1592708760845
0.0,0.0,23.072,23.8,1592708760913
0.0,0.0,23.061,23.8,1592708761052
0.0,0.0,23.061,23.8,1592708761120
0.0,0.0,23.061,23.8,1592708761260
0.0,0.0,23.061,23.8,1592708761336
0.0,0.0,23.061,23.8,1592708761400
0.0,0.0,23.061,23.8,1592708761474
0.0,0.0,23.061,23.8,1592708761541
0.0,0.0,23.072,23.8,1592708761610
0.0,0.0,23.061,23.8,1592708761680
0.0,0.0,23.061,23.8,1592708761751
0.0,0.0,23.061,23.8,1592708761822
0.0,0.0,23.051,23.8,1592708761894
0.0,0.0,23.051,23.8,1592708761962
0.0,0.0,23.041,23.8,1592708762049
0.0,0.0,23.03,23.8,1592708762101
0.0,0.0,23.03,23.8,1592708762171
0.0,0.0,23.03,23.8,1592708762245
0.0,0.0,23.03,23.8,1592708762311
0.0,0.0,23.03,23.8,1592708762381
0.0,0.0,23.02,23.8,1592708762453
0.0,0.0,23.02,23.8,1592708762521
0.0,0.0,23.02,23.8,1592708762592
0.0,0.0,23.02,23.8,1592708763143
0.0,0.0,23.02,23.8,1592708763148
0.0,0.0,23.02,23.8,1592708763154
0.0,0.0,23.03,23.8,1592708763210
0.0,0.0,23.03,23.8,1592708763276
0.0,0.0,23.041,23.8,1592708763347
0.0,0.0,23.041,23.8,1592708763416
0.0,0.0,23.041,23.8,1592708763486
0.0,0.0,23.051,23.8,1592708763557
0.0,0.0,23.041,23.8,1592708763766
0.0,0.0,23.041,23.8,1592708763836
0.0,0.0,23.041,23.8,1592708763910
0.0,0.0,23.03,23.8,1592708763978
0.0,0.0,23.03,23.8,1592708764047
0.0,0.0,23.03,23.8,1592708764116
0.0,0.0,23.03,23.8,1592708764188
0.0,0.0,23.03,23.8,1592708764258
0.0,0.0,23.02,23.8,1592708764326
0.0,0.0,23.02,23.8,1592708764402
0.0,0.0,23.02,23.8,1592708764468
0.0,0.0,23.02,23.8,1592708764538
0.0,0.0,23.03,23.8,1592708764608
0.0,0.0,23.03,23.8,1592708764677
0.0,0.0,23.03,23.8,1592708764775
0.0,0.0,23.041,23.8,1592708764817
0.0,0.0,23.041,23.8,1592708764887
0.0,0.0,23.041,23.8,1592708764961
0.0,0.0,23.041,23.8,1592708765106
0.0,0.0,23.051,23.8,1592708765167
0.0,0.0,23.051,23.8,1592708765238
0.0,0.0,23.061,23.8,1592708765312
0.0,0.0,23.061,23.8,1592708765380
0.0,0.0,23.061,23.8,1592708765449
0.0,0.0,23.061,23.8,1592708765523
0.0,0.0,23.061,23.8,1592708765588
0.0,0.0,23.051,23.8,1592708765658
0.0,0.0,23.051,23.8,1592708765726
0.0,0.0,23.051,23.8,1592708765796
0.0,0.0,23.041,23.8,1592708765873
0.0,0.0,23.03,23.8,1592708765937
0.0,0.0,23.03,23.8,1592708766019
0.0,0.0,23.03,23.8,1592708766077
0.0,0.0,23.03,23.8,1592708766215
0.0,0.0,23.03,23.8,1592708766287
0.0,0.0,23.041,23.8,1592708766357
0.0,0.0,23.041,23.8,1592708766427
0.0,0.0,23.041,23.8,1592708766498
0.0,0.0,23.041,23.8,1592708766706
0.0,0.0,23.041,23.8,1592708766776
0.0,0.0,23.041,23.8,1592708766853
0.0,0.0,23.051,23.8,1592708766917
0.0,0.0,23.051,23.8,1592708767000
0.0,0.0,23.041,23.8,1592708767058
0.0,0.0,23.041,23.8,1592708767127
0.0,0.0,23.041,23.8,1592708767205
0.0,0.0,23.03,23.8,1592708767270
0.0,0.0,23.03,23.8,1592708767338
0.0,0.0,23.03,23.8,1592708767406
0.0,0.0,23.02,23.8,1592708767479
0.0,0.0,23.009,23.8,1592708767547
0.0,0.0,23.009,23.8,1592708767617
0.0,0.0,22.999,23.8,1592708767688
0.0,0.0,22.989,23.8,1592708767757
0.0,0.0,22.989,23.8,1592708767826
0.0,0.0,22.989,23.8,1592708767897
0.0,0.0,22.989,23.8,1592708767968
0.0,0.0,22.989,23.8,1592708768051
0.0,0.0,22.978,23.8,1592708768108
0.0,0.0,22.978,23.8,1592708768184
0.0,0.0,22.978,23.8,1592708768246
0.0,0.0,22.978,23.8,1592708768317
0.0,0.0,22.989,23.8,1592708768389
0.0,0.0,23.009,23.8,1592708768458
0.0,0.0,23.009,23.8,1592708768667
0.0,0.0,23.02,23.8,1592708768739
0.0,0.0,23.02,23.8,1592708768806
0.0,0.0,23.02,23.8,1592708769402
0.0,0.0,23.02,23.8,1592708769406
0.0,0.0,23.03,23.8,1592708769415
0.0,0.0,23.03,23.8,1592708769420
0.0,0.0,23.03,23.8,1592708769450
0.0,0.0,23.03,23.8,1592708769522
0.0,0.0,23.02,23.8,1592708769597
0.0,0.0,23.02,23.8,1592708769654
0.0,0.0,23.02,23.8,1592708769724
0.0,0.0,23.02,23.8,1592708769805
0.0,0.0,23.02,23.8,1592708769863
0.0,0.0,23.009,23.8,1592708769933
0.0,0.0,23.009,23.8,1592708770006
0.0,0.0,23.02,23.8,1592708770073
0.0,0.0,23.03,23.8,1592708770215
0.0,0.0,23.03,23.8,1592708770284
0.0,0.0,23.03,23.8,1592708770354
0.0,0.0,23.041,23.8,1592708770426
0.0,0.0,23.051,23.8,1592708770495
0.0,0.0,23.051,23.8,1592708770634
0.0,0.0,23.061,23.8,1592708770735
0.0,0.0,23.061,23.8,1592708770775
0.0,0.0,23.061,23.8,1592708770846
0.0,0.0,23.061,23.8,1592708770913
0.0,0.0,23.072,23.8,1592708770993
0.0,0.0,23.072,23.8,1592708771054
0.0,0.0,23.061,23.8,1592708771126
0.0,0.0,23.061,23.8,1592708771193
0.0,0.0,23.051,23.8,1592708771264
0.0,0.0,23.041,23.8,1592708771335
0.0,0.0,23.041,23.8,1592708771404
0.0,0.0,23.041,23.8,1592708771475
0.0,0.0,23.03,23.8,1592708771546
0.0,0.0,23.03,23.8,1592708771614
0.0,0.0,23.02,23.8,1592708771698
0.0,0.0,23.009,23.8,1592708771754
0.0,0.0,23.009,23.8,1592708771827
0.0,0.0,23.009,23.8,1592708771897
0.0,0.0,23.009,23.8,1592708771964
0.0,0.0,23.009,23.8,1592708772049
0.0,0.0,23.02,23.8,1592708772103
0.0,0.0,23.02,23.8,1592708772173
0.0,0.0,23.02,23.8,1592708772245
0.0,0.0,23.02,23.8,1592708772314
0.0,0.0,23.02,23.8,1592708772385
0.0,0.0,23.03,23.8,1592708772534
0.0,0.0,23.03,23.8,1592708772593
0.0,0.0,23.03,23.8,1592708772722
0.0,0.0,23.03,23.8,1592708772740
0.0,0.0,23.03,23.8,1592708772804
0.0,0.0,23.03,23.8,1592708772884
0.0,0.0,23.03,23.8,1592708772943
0.0,0.0,23.03,23.8,1592708773013
0.0,0.0,23.03,23.8,1592708773085
0.0,0.0,23.02,23.8,1592708773156
0.0,0.0,23.02,23.8,1592708773227
0.0,0.0,23.02,23.8,1592708773293
0.0,0.0,23.02,23.8,1592708773363
0.0,0.0,23.02,23.8,1592708773434
0.0,0.0,23.009,23.8,1592708773505
0.0,0.0,23.009,23.8,1592708774104
0.0,0.0,23.009,23.8,1592708774111
0.0,0.0,23.009,23.8,1592708774118
0.0,0.0,23.009,23.8,1592708774122
0.0,0.0,23.009,23.8,1592708774174
0.0,0.0,23.009,23.8,1592708774240
0.0,0.0,23.02,23.8,1592708774313
0.0,0.0,23.02,23.8,1592708774629
0.0,0.0,23.02,23.8,1592708774632
0.0,0.0,23.02,23.8,1592708774660
0.0,0.0,23.02,23.8,1592708774730
0.0,0.0,23.02,23.8,1592708774900
0.0,0.0,23.02,23.8,1592708774903
0.0,0.0,23.009,23.8,1592708774952
0.0,0.0,23.009,23.8,1592708775010
0.0,0.0,23.009,23.8,1592708775170
0.0,0.0,22.999,23.8,1592708775174
0.0,0.0,22.989,23.8,1592708775224
0.0,0.0,22.989,23.8,1592708775445
0.0,0.0,22.989,23.8,1592708775476
0.0,0.0,22.978,23.8,1592708775504
0.0,0.0,22.978,23.8,1592708775722
0.0,0.0,22.968,23.8,1592708775729
0.0,0.0,22.957,23.8,1592708775733
0.0,0.0,22.947,23.8,1592708775798
0.0,0.0,22.947,23.8,1592708776005
0.0,0.0,22.947,23.8,1592708776009
0.0,0.0,22.947,23.8,1592708776019
0.0,0.0,22.957,23.8,1592708776063
0.0,0.0,22.968,23.8,1592708776304
0.0,0.0,22.968,23.8,1592708776307
0.0,0.0,22.968,23.8,1592708776342
0.0,0.0,22.968,23.8,1592708776409
0.0,0.0,22.968,23.8,1592708776608
0.0,0.0,22.968,23.8,1592708776645
0.0,0.0,22.978,23.8,1592708776653
0.0,0.0,22.978,23.8,1592708776689
0.0,0.0,22.978,23.8,1592708776915
0.0,0.0,22.978,23.8,1592708776919
0.0,0.0,22.978,23.8,1592708776926
0.0,0.0,22.989,23.8,1592708776974
0.0,0.0,22.989,23.8,1592708777216
0.0,0.0,22.989,23.8,1592708777220
0.0,0.0,22.989,23.8,1592708777228
0.0,0.0,22.999,23.8,1592708777252
0.0,0.0,22.999,23.8,1592708777319
0.0,0.0,22.999,23.8,1592708777524
0.0,0.0,23.009,23.8,1592708777529
0.0,0.0,23.009,23.8,1592708777614
0.0,0.0,23.02,23.8,1592708777670
0.0,0.0,23.02,23.8,1592708777739
0.0,0.0,23.03,23.8,1592708777811
0.0,0.0,23.03,23.8,1592708777879
0.0,0.0,23.041,23.8,1592708777954
0.0,0.0,23.061,23.8,1592708778023
0.0,0.0,23.072,23.8,1592708778555
0.0,0.0,23.082,23.8,1592708778563
0.0,0.0,23.082,23.8,1592708778574
0.0,0.0,23.082,23.8,1592708778578
0.0,0.0,23.082,23.8,1592708778588
0.0,0.0,23.072,23.8,1592708778626
0.0,0.0,23.061,23.8,1592708778693
0.0,0.0,23.072,23.8,1592708778765
0.0,0.0,23.072,23.8,1592708778831
0.0,0.0,23.082,23.8,1592708778902
0.0,0.0,23.082,23.8,1592708778973
0.0,0.0,23.082,23.8,1592708779041
0.0,0.0,23.082,23.8,1592708779181
0.0,0.0,23.082,23.8,1592708779251
0.0,0.0,23.082,23.8,1592708779321
0.0,0.0,23.072,23.8,1592708779393
0.0,0.0,23.072,23.8,1592708779473
0.0,0.0,23.061,23.8,1592708779532
0.0,0.0,23.061,23.8,1592708779605
0.0,0.0,23.061,23.8,1592708779675
0.0,0.0,23.061,23.8,1592708779742
0.0,0.0,23.061,23.8,1592708779824
0.0,0.0,23.072,23.8,1592708779883
0.0,0.0,23.072,23.8,1592708780020
0.0,0.0,23.072,23.8,1592708780092
0.0,0.0,23.072,23.8,1592708780164
0.0,0.0,23.072,23.8,1592708780231
0.0,0.0,23.072,23.8,1592708780303
0.0,0.0,23.072,23.8,1592708780372
0.0,0.0,23.072,23.8,1592708780442
0.0,0.0,23.061,23.8,1592708780512
0.0,0.0,23.051,23.8,1592708780582
0.0,0.0,23.041,23.8,1592708780656
0.0,0.0,23.041,23.8,1592708780723
0.0,0.0,23.041,23.8,1592708780804
0.0,0.0,23.041,23.8,1592708780861
0.0,0.0,23.041,23.8,1592708780933
0.0,0.0,23.061,23.8,1592708781003
0.0,0.0,23.072,23.8,1592708781072
0.0,0.0,23.072,23.8,1592708781147
0.0,0.0,23.082,23.8,1592708781211
0.0,0.0,23.072,23.8,1592708781283
0.0,0.0,23.082,23.8,1592708781351
0.0,0.0,23.082,23.8,1592708781424
0.0,0.0,23.093,23.8,1592708781493
0.0,0.0,23.103,23.8,1592708781563
0.0,0.0,23.113,23.8,1592708781631
0.0,0.0,23.113,23.8,1592708781702
0.0,0.0,23.113,23.8,1592708781774
0.0,0.0,23.113,23.8,1592708781842
0.0,0.0,23.113,23.8,1592708781913
0.0,0.0,23.113,23.8,1592708781982
0.0,0.0,23.113,23.8,1592708782052
0.0,0.0,23.113,23.8,1592708782127
0.0,0.0,23.113,23.8,1592708782191
0.0,0.0,23.103,23.8,1592708782262
0.0,0.0,23.103,23.8,1592708782331
0.0,0.0,23.103,23.8,1592708782401
0.0,0.0,23.093,23.8,1592708782475
0.0,0.0,23.093,23.8,1592708782541
0.0,0.0,23.082,23.8,1592708782612
0.0,0.0,23.093,23.8,1592708782687
0.0,0.0,23.093,23.8,1592708782891
0.0,0.0,23.103,23.8,1592708782963
0.0,0.0,23.093,23.8,1592708783033
0.0,0.0,23.093,23.8,1592708783622
0.0,0.0,23.093,23.8,1592708783662
0.0,0.0,23.093,23.8,1592708783675
0.0,0.0,23.082,23.8,1592708783679
0.0,0.0,23.072,23.8,1592708783758
0.0,0.0,23.061,23.8,1592708783828
0.0,0.0,23.051,23.8,1592708783898
0.0,0.0,23.041,23.8,1592708783967
0.0,0.0,23.041,23.8,1592708784039
0.0,0.0,23.051,23.8,1592708784108
0.0,0.0,23.041,23.8,1592708784184
0.0,0.0,23.03,23.8,1592708784247
0.0,0.0,23.02,23.8,1592708784315
0.0,0.0,23.009,23.8,1592708784391
0.0,0.0,23.009,23.8,1592708784457
0.0,0.0,23.009,23.8,1592708784539
0.0,0.0,23.009,23.8,1592708784600
0.0,0.0,23.009,23.8,1592708784668
0.0,0.0,23.009,23.8,1592708784736
0.0,0.0,23.009,23.8,1592708784806
0.0,0.0,23.009,23.8,1592708784881
0.0,0.0,23.009,23.8,1592708784946
0.0,0.0,23.009,23.8,1592708785087
0.0,0.0,23.02,23.8,1592708785157
0.0,0.0,23.02,23.8,1592708785227
0.0,0.0,23.02,23.8,1592708785297
0.0,0.0,23.02,23.8,1592708785367
0.0,0.0,23.03,23.8,1592708785436
0.0,0.0,23.03,23.8,1592708785579
0.0,0.0,23.03,23.8,1592708785647
0.0,0.0,23.02,23.8,1592708785716
0.0,0.0,23.02,23.8,1592708785786
0.0,0.0,23.02,23.8,1592708785858
0.0,0.0,23.02,23.8,1592708785926
0.0,0.0,23.03,23.8,1592708786068
0.0,0.0,23.03,23.8,1592708786137
0.0,0.0,23.03,23.8,1592708786207
0.0,0.0,23.041,23.8,1592708786276
0.0,0.0,23.041,23.8,1592708786347
0.0,0.0,23.041,23.8,1592708786417
0.0,0.0,23.03,23.8,1592708786488
0.0,0.0,23.03,23.8,1592708786561
0.0,0.0,23.03,23.8,1592708786625
0.0,0.0,23.03,23.8,1592708786698
0.0,0.0,23.03,23.8,1592708786766
0.0,0.0,23.03,23.8,1592708786836
0.0,0.0,23.041,23.8,1592708786977
0.0,0.0,23.051,23.8,1592708787076
0.0,0.0,23.051,23.8,1592708787186
0.0,0.0,23.051,23.8,1592708787258
0.0,0.0,23.051,23.8,1592708787326
0.0,0.0,23.051,23.8,1592708787395
0.0,0.0,23.051,23.8,1592708787466
0.0,0.0,23.051,23.8,1592708787539
0.0,0.0,23.051,23.8,1592708787606
0.0,0.0,23.051,23.8,1592708787680
0.0,0.0,23.051,23.8,1592708787746
0.0,0.0,23.061,23.8,1592708787816
0.0,0.0,23.061,23.8,1592708787887
0.0,0.0,23.061,23.8,1592708787957
0.0,0.0,23.051,23.8,1592708788042
0.0,0.0,23.051,23.8,1592708788607
0.0,0.0,23.061,23.8,1592708788647
0.0,0.0,23.061,23.8,1592708788655
0.0,0.0,23.061,23.8,1592708788659
0.0,0.0,23.061,23.8,1592708788743
0.0,0.0,23.051,23.8,1592708788813
0.0,0.0,23.061,23.8,1592708788885
0.0,0.0,23.082,23.8,1592708788957
0.0,0.0,23.082,23.8,1592708789023
0.0,0.0,23.093,23.8,1592708789101
0.0,0.0,23.103,23.8,1592708789165
0.0,0.0,23.103,23.8,1592708789237
0.0,0.0,23.103,23.8,1592708789303
0.0,0.0,23.113,23.8,1592708789374
0.0,0.0,23.113,23.8,1592708789517
0.0,0.0,23.113,23.8,1592708789598
0.0,0.0,23.113,23.8,1592708789653
0.0,0.0,23.113,23.8,1592708789732
0.0,0.0,23.103,23.8,1592708789794
0.0,0.0,23.103,23.8,1592708789865
0.0,0.0,23.103,23.8,1592708789933
0.0,0.0,23.113,23.8,1592708790004
0.0,0.0,23.113,23.8,1592708790077
0.0,0.0,23.113,23.8,1592708790143
0.0,0.0,23.113,23.8,1592708790214
0.0,0.0,23.113,23.8,1592708790284
0.0,0.0,23.113,23.8,1592708790362
0.0,0.0,23.103,23.8,1592708790425
0.0,0.0,23.103,23.8,1592708790493
0.0,0.0,23.093,23.8,1592708790564
0.0,0.0,23.093,23.8,1592708790642
0.0,0.0,23.103,23.8,1592708790704
0.0,0.0,23.093,23.8,1592708790913
0.0,0.0,23.093,23.8,1592708790986
0.0,0.0,23.093,23.8,1592708791054
0.0,0.0,23.093,23.8,1592708791126
0.0,0.0,23.103,23.8,1592708791195
0.0,0.0,23.103,23.8,1592708791263
0.0,0.0,23.093,23.8,1592708791334
0.0,0.0,23.072,23.8,1592708791405
0.0,0.0,23.061,23.8,1592708791476
0.0,0.0,23.051,23.8,1592708791545
0.0,0.0,23.051,23.8,1592708791613
0.0,0.0,23.041,23.8,1592708791685
0.0,0.0,23.03,23.8,1592708791767
0.0,0.0,23.03,23.8,1592708791824
0.0,0.0,23.03,23.8,1592708791894
0.0,0.0,23.03,23.8,1592708791968
0.0,0.0,23.03,23.8,1592708792033
0.0,0.0,23.02,23.8,1592708792109
0.0,0.0,23.02,23.8,1592708792176
0.0,0.0,23.041,23.8,1592708792245
0.0,0.0,23.051,23.8,1592708792384
0.0,0.0,23.051,23.8,1592708792454
0.0,0.0,23.061,23.8,1592708792595
0.0,0.0,23.061,23.8,1592708792664
0.0,0.0,23.061,23.8,1592708792733
0.0,0.0,23.061,23.8,1592708792808
0.0,0.0,23.072,23.8,1592708792875
0.0,0.0,23.072,23.8,1592708792957
0.0,0.0,23.072,23.8,1592708793013
0.0,0.0,23.072,23.8,1592708793084
0.0,0.0,23.072,23.8,1592708793206
0.0,0.0,23.072,23.8,1592708793247
0.0,0.0,23.072,23.8,1592708793295
0.0,0.0,23.072,23.8,1592708793364
0.0,0.0,23.082,23.8,1592708793434
0.0,0.0,23.082,23.8,1592708793504
0.0,0.0,23.082,23.8,1592708793573
0.0,0.0,23.093,23.8,1592708793714
0.0,0.0,23.093,23.8,1592708793784
0.0,0.0,23.093,23.8,1592708794373
0.0,0.0,23.093,23.8,1592708794405
0.0,0.0,23.093,23.8,1592708794412
0.0,0.0,23.103,23.8,1592708794439
0.0,0.0,23.103,23.8,1592708794654
0.0,0.0,23.103,23.8,1592708794658
0.0,0.0,23.103,23.8,1592708794661
0.0,0.0,23.103,23.8,1592708794720
0.0,0.0,23.103,23.8,1592708794924
0.0,0.0,23.113,23.8,1592708794929
0.0,0.0,23.113,23.8,1592708794937
0.0,0.0,23.113,23.8,1592708794999
0.0,0.0,23.093,23.8,1592708795193
0.0,0.0,23.093,23.8,1592708795199
0.0,0.0,23.093,23.8,1592708795210
0.0,0.0,23.082,23.8,1592708795279
0.0,0.0,23.072,23.8,1592708795464
0.0,0.0,23.072,23.8,1592708795497
0.0,0.0,23.072,23.8,1592708795506
0.0,0.0,23.061,23.8,1592708795557
0.0,0.0,23.061,23.8,1592708795763
0.0,0.0,23.051,23.8,1592708795767
0.0,0.0,23.051,23.8,1592708795837
0.0,0.0,23.041,23.8,1592708796027
0.0,0.0,23.041,23.8,1592708796049
0.0,0.0,23.041,23.8,1592708796117
0.0,0.0,23.03,23.8,1592708796398
0.0,0.0,23.03,23.8,1592708796635
0.0,0.0,23.02,23.8,1592708796668
0.0,0.0,23.02,23.8,1592708796675
0.0,0.0,23.009,23.8,1592708796688
0.0,0.0,22.999,23.8,1592708796749
0.0,0.0,22.999,23.8,1592708796942
0.0,0.0,22.999,23.8,1592708796945
0.0,0.0,22.999,23.8,1592708796959
0.0,0.0,22.989,23.8,1592708797243
0.0,0.0,22.989,23.8,1592708797247
0.0,0.0,22.989,23.8,1592708797255
0.0,0.0,22.989,23.8,1592708797307
0.0,0.0,22.989,23.8,1592708797553
0.0,0.0,22.989,23.8,1592708797563
0.0,0.0,22.989,23.8,1592708797577
0.0,0.0,22.989,23.8,1592708797592
0.0,0.0,22.989,23.8,1592708797657
0.0,0.0,22.978,23.8,1592708797733
0.0,0.0,22.978,23.8,1592708797801
0.0,0.0,22.978,23.8,1592708797867
0.0,0.0,22.978,23.8,1592708797938
0.0,0.0,22.978,23.8,1592708798008
0.0,0.0,22.978,23.8,1592708798077
0.0,0.0,22.978,23.8,1592708798147
0.0,0.0,22.978,23.8,1592708798217
0.0,0.0,22.978,23.8,1592708798289
0.0,0.0,22.978,23.8,1592708798358
0.0,0.0,22.989,23.8,1592708798429
0.0,0.0,22.989,23.8,1592708798497
0.0,0.0,22.989,23.8,1592708798568
0.0,0.0,22.978,23.8,1592708798637
0.0,0.0,22.989,23.8,1592708798708
0.0,0.0,22.999,23.8,1592708798782
0.0,0.0,23.009,23.8,1592708799390
0.0,0.0,23.02,23.8,1592708799420
0.0,0.0,23.02,23.8,1592708799427
0.0,0.0,23.02,23.8,1592708799432
0.0,0.0,23.02,23.8,1592708799439
0.0,0.0,23.02,23.8,1592708799456
0.0,0.0,23.03,23.8,1592708799526
0.0,0.0,23.03,23.8,1592708799667
0.0,0.0,23.041,23.8,1592708799735
0.0,0.0,23.03,23.8,1592708799875
0.0,0.0,23.041,23.8,1592708799945
0.0,0.0,23.041,23.8,1592708800015
0.0,0.0,23.041,23.8,1592708800098
0.0,0.0,23.041,23.8,1592708800155
0.0,0.0,23.041,23.8,1592708800225
0.0,0.0,23.041,23.8,1592708800298
0.0,0.0,23.041,23.8,1592708800365
0.0,0.0,23.03,23.8,1592708800440
0.0,0.0,23.03,23.8,1592708800505
0.0,0.0,23.03,23.8,1592708800576
0.0,0.0,23.041,23.8,1592708800645
0.0,0.0,23.051,23.8,1592708800717
0.0,0.0,23.051,23.8,1592708800925
0.0,0.0,23.051,23.8,1592708800996
0.0,0.0,23.061,23.8,1592708801065
0.0,0.0,23.061,23.8,1592708801135
0.0,0.0,23.061,23.8,1592708801217
0.0,0.0,23.072,23.8,1592708801276
0.0,0.0,23.072,23.8,1592708801346
0.0,0.0,23.072,23.8,1592708801417
0.0,0.0,23.072,23.8,1592708801491
0.0,0.0,23.061,23.8,1592708801557
0.0,0.0,23.041,23.8,1592708801627
0.0,0.0,23.041,23.8,1592708801695
0.0,0.0,23.041,23.8,1592708801766
0.0,0.0,23.041,23.8,1592708801836
0.0,0.0,23.03,23.8,1592708801906
0.0,0.0,23.03,23.8,1592708801975
0.0,0.0,23.03,23.8,1592708802046
0.0,0.0,23.02,23.8,1592708802117
0.0,0.0,23.009,23.8,1592708802198
0.0,0.0,23.009,23.8,1592708802257
0.0,0.0,23.009,23.8,1592708802331
0.0,0.0,22.999,23.8,1592708802397
0.0,0.0,22.999,23.8,1592708802466
0.0,0.0,22.989,23.8,1592708802535
0.0,0.0,22.989,23.8,1592708802604
0.0,0.0,22.989,23.8,1592708802677
0.0,0.0,22.989,23.8,1592708802745
0.0,0.0,22.978,23.8,1592708802815
0.0,0.0,22.978,23.8,1592708802887
0.0,0.0,22.978,23.8,1592708802955
0.0,0.0,22.968,23.8,1592708803026
0.0,0.0,22.968,23.8,1592708803095
0.0,0.0,22.957,23.8,1592708803169
0.0,0.0,22.957,23.8,1592708803234
0.0,0.0,22.957,23.8,1592708803308
0.0,0.0,22.957,23.8,1592708803379
0.0,0.0,22.957,23.8,1592708803445
0.0,0.0,22.968,23.8,1592708803517
0.0,0.0,22.957,23.8,1592708803587
0.0,0.0,22.968,23.8,1592708803656
0.0,0.0,22.968,23.8,1592708803725
0.0,0.0,22.968,23.8,1592708803795
0.0,0.0,22.978,23.8,1592708804409
0.0,0.0,22.978,23.8,1592708804413
0.0,0.0,22.978,23.8,1592708804421
0.0,0.0,22.978,23.8,1592708804429
0.0,0.0,22.978,23.8,1592708805313
0.0,0.0,22.989,23.8,1592708805384
0.0,0.0,22.989,23.8,1592708805452
0.0,0.0,22.989,23.8,1592708805527
0.0,0.0,22.989,23.8,1592708805592
0.0,0.0,22.989,23.8,1592708805675
0.0,0.0,22.989,23.8,1592708805733
0.0,0.0,22.999,23.8,1592708805813
0.0,0.0,22.999,23.8,1592708805872
0.0,0.0,23.009,23.8,1592708805942
0.0,0.0,23.009,23.8,1592708806015
0.0,0.0,23.009,23.8,1592708806082
0.0,0.0,23.02,23.8,1592708806154
0.0,0.0,23.03,23.8,1592708806222
0.0,0.0,23.03,23.8,1592708806293
0.0,0.0,23.03,23.8,1592708806363
0.0,0.0,23.03,23.8,1592708806434
0.0,0.0,23.03,23.8,1592708806572
0.0,0.0,23.041,23.8,1592708806642
0.0,0.0,23.041,23.8,1592708806712
0.0,0.0,23.041,23.8,1592708806785
0.0,0.0,23.051,23.8,1592708806853
0.0,0.0,23.041,23.8,1592708806925
0.0,0.0,23.041,23.8,1592708806994
0.0,0.0,23.03,23.8,1592708807062
0.0,0.0,23.03,23.8,1592708807135
0.0,0.0,23.03,23.8,1592708807204
0.0,0.0,23.03,23.8,1592708807287
0.0,0.0,23.02,23.8,1592708807344
0.0,0.0,23.02,23.8,1592708807413
0.0,0.0,23.02,23.8,1592708807482
0.0,0.0,23.02,23.8,1592708807552
0.0,0.0,23.02,23.8,1592708807628
0.0,0.0,23.009,23.8,1592708807692
0.0,0.0,23.009,23.8,1592708807767
0.0,0.0,23.009,23.8,1592708807831
0.0,0.0,23.02,23.8,1592708807911
0.0,0.0,23.03,23.8,1592708807974
0.0,0.0,23.03,23.8,1592708808042
0.0,0.0,23.03,23.8,1592708808114
0.0,0.0,23.041,23.8,1592708808190
0.0,0.0,23.051,23.8,1592708808252
0.0,0.0,23.061,23.8,1592708808324
0.0,0.0,23.061,23.8,1592708808393
0.0,0.0,23.051,23.8,1592708808463
0.0,0.0,23.051,23.8,1592708808540
0.0,0.0,23.041,23.8,1592708808605
0.0,0.0,23.041,23.8,1592708808672
0.0,0.0,23.041,23.8,1592708808741
0.0,0.0,23.03,23.8,1592708808813
0.0,0.0,23.02,23.8,1592708809426
0.0,0.0,23.02,23.8,1592708809431
0.0,0.0,23.02,23.8,1592708809437
0.0,0.0,23.02,23.8,1592708809700
0.0,0.0,23.02,23.8,1592708809772
0.0,0.0,23.02,23.8,1592708809840
0.0,0.0,23.03,23.8,1592708809912
0.0,0.0,23.03,23.8,1592708809981
0.0,0.0,23.03,23.8,1592708810051
0.0,0.0,23.041,23.8,1592708810123
0.0,0.0,23.041,23.8,1592708810191
0.0,0.0,23.03,23.8,1592708810271
0.0,0.0,23.03,23.8,1592708810331
0.0,0.0,23.03,23.8,1592708810410
0.0,0.0,23.03,23.8,1592708810472
0.0,0.0,23.03,23.8,1592708810543
0.0,0.0,23.03,23.8,1592708810610
0.0,0.0,23.02,23.8,1592708810684
0.0,0.0,23.02,23.8,1592708810753
0.0,0.0,23.009,23.8,1592708810821
0.0,0.0,23.009,23.8,1592708810893
0.0,0.0,22.999,23.8,1592708811452
0.0,0.0,22.989,23.8,1592708811527
0.0,0.0,22.989,23.8,1592708811590
0.0,0.0,22.978,23.8,1592708811661
0.0,0.0,22.978,23.8,1592708811730
0.0,0.0,22.978,23.8,1592708811801
0.0,0.0,22.978,23.8,1592708811874
0.0,0.0,22.978,23.8,1592708811942
0.0,0.0,22.978,23.8,1592708812011
0.0,0.0,22.978,23.8,1592708812081
0.0,0.0,22.989,23.8,1592708812165
0.0,0.0,22.989,23.8,1592708812223
0.0,0.0,22.989,23.8,1592708812291
0.0,0.0,22.978,23.8,1592708812362
0.0,0.0,22.978,23.8,1592708812432
0.0,0.0,22.978,23.8,1592708812502
0.0,0.0,22.968,23.8,1592708812573
0.0,0.0,22.968,23.8,1592708812641
0.0,0.0,22.968,23.8,1592708812723
0.0,0.0,22.968,23.8,1592708812783
0.0,0.0,22.989,23.8,1592708812852
0.0,0.0,22.989,23.8,1592708812921
0.0,0.0,22.989,23.8,1592708812991
0.0,0.0,22.989,23.8,1592708813062
0.0,0.0,22.989,23.8,1592708813132
0.0,0.0,22.989,23.8,1592708813202
0.0,0.0,22.999,23.8,1592708813276
0.0,0.0,22.999,23.8,1592708813341
0.0,0.0,22.999,23.8,1592708813414
0.0,0.0,22.999,23.8,1592708813480
0.0,0.0,22.999,23.8,1592708813551
0.0,0.0,22.999,23.8,1592708813629
0.0,0.0,22.999,23.8,1592708813691
0.0,0.0,22.999,23.8,1592708813761
0.0,0.0,22.999,23.8,1592708814339
0.0,0.0,22.999,23.8,1592708814368
0.0,0.0,22.999,23.8,1592708814374
0.0,0.0,22.999,23.8,1592708814378
0.0,0.0,22.999,23.8,1592708814406
0.0,0.0,23.009,23.8,1592708814479
0.0,0.0,23.009,23.8,1592708814549
0.0,0.0,23.009,23.8,1592708814733
0.0,0.0,23.009,23.8,1592708814740
0.0,0.0,23.009,23.8,1592708814759
0.0,0.0,23.009,23.8,1592708814829
0.0,0.0,23.009,23.8,1592708815002
0.0,0.0,23.009,23.8,1592708815006
0.0,0.0,23.02,23.8,1592708815040
0.0,0.0,23.02,23.8,1592708815108
0.0,0.0,23.02,23.8,1592708815273
0.0,0.0,23.02,23.8,1592708815281
0.0,0.0,23.02,23.8,1592708815547
0.0,0.0,23.009,23.8,1592708815577
0.0,0.0,23.009,23.8,1592708815604
0.0,0.0,23.02,23.8,1592708815833
0.0,0.0,23.02,23.8,1592708815837
0.0,0.0,23.02,23.8,1592708815881
0.0,0.0,23.03,23.8,1592708816107
0.0,0.0,23.02,23.8,1592708816113
0.0,0.0,23.02,23.8,1592708816122
0.0,0.0,23.02,23.8,1592708816161
0.0,0.0,23.02,23.8,1592708816409
0.0,0.0,23.02,23.8,1592708816414
0.0,0.0,23.02,23.8,1592708816422
0.0,0.0,23.02,23.8,1592708816508
0.0,0.0,23.03,23.8,1592708816716
0.0,0.0,23.03,23.8,1592708816750
0.0,0.0,23.03,23.8,1592708816755
0.0,0.0,23.041,23.8,1592708816789
0.0,0.0,23.041,23.8,1592708817023
0.0,0.0,23.041,23.8,1592708817033
0.0,0.0,23.041,23.8,1592708817041
0.0,0.0,23.051,23.8,1592708817072
0.0,0.0,23.061,23.8,1592708817139
0.0,0.0,23.061,23.8,1592708817325
0.0,0.0,23.061,23.8,1592708817329
0.0,0.0,23.061,23.8,1592708817352
0.0,0.0,23.061,23.8,1592708817418
0.0,0.0,23.061,23.8,1592708817632
0.0,0.0,23.061,23.8,1592708817639
0.0,0.0,23.061,23.8,1592708817649
0.0,0.0,23.051,23.8,1592708817698
0.0,0.0,23.051,23.8,1592708817768
0.0,0.0,23.051,23.8,1592708817907
0.0,0.0,23.051,23.8,1592708817978
0.0,0.0,23.041,23.8,1592708818050
0.0,0.0,23.041,23.8,1592708818117
0.0,0.0,23.03,23.8,1592708818190
0.0,0.0,23.03,23.8,1592708818257
0.0,0.0,23.03,23.8,1592708818329
0.0,0.0,23.041,23.8,1592708818399
0.0,0.0,23.051,23.8,1592708818471
0.0,0.0,23.051,23.8,1592708818545
0.0,0.0,23.061,23.8,1592708818610
0.0,0.0,23.061,23.8,1592708818684
0.0,0.0,23.061,23.8,1592708818747
0.0,0.0,23.061,23.8,1592708818817
0.0,0.0,23.051,23.8,1592708819358
0.0,0.0,23.051,23.8,1592708819394
0.0,0.0,23.051,23.8,1592708819400
0.0,0.0,23.051,23.8,1592708819407
0.0,0.0,23.051,23.8,1592708819410
0.0,0.0,23.041,23.8,1592708819426
0.0,0.0,23.041,23.8,1592708819493
0.0,0.0,23.03,23.8,1592708819565
0.0,0.0,23.02,23.8,1592708819635
0.0,0.0,23.02,23.8,1592708819704
0.0,0.0,23.02,23.8,1592708819775
0.0,0.0,23.02,23.8,1592708819845
0.0,0.0,23.02,23.8,1592708819917
0.0,0.0,23.03,23.8,1592708819997
0.0,0.0,23.03,23.8,1592708820125
0.0,0.0,23.03,23.8,1592708820193
0.0,0.0,23.03,23.8,1592708820403
0.0,0.0,23.03,23.8,1592708820476
0.0,0.0,23.03,23.8,1592708820544
0.0,0.0,23.041,23.8,1592708820615
0.0,0.0,23.041,23.8,1592708820683
0.0,0.0,23.051,23.8,1592708820755
0.0,0.0,23.051,23.8,1592708820824
0.0,0.0,23.051,23.8,1592708820894
0.0,0.0,23.051,23.8,1592708820964
0.0,0.0,23.041,23.8,1592708821035
0.0,0.0,23.03,23.8,1592708821116
0.0,0.0,23.03,23.8,1592708821174
0.0,0.0,23.02,23.8,1592708821245
0.0,0.0,23.02,23.8,1592708821525
0.0,0.0,23.02,23.8,1592708821607
0.0,0.0,23.02,23.8,1592708821663
0.0,0.0,23.02,23.8,1592708821734
0.0,0.0,23.03,23.8,1592708821875
0.0,0.0,23.03,23.8,1592708821943
0.0,0.0,23.03,23.8,1592708822015
0.0,0.0,23.03,23.8,1592708822085
0.0,0.0,23.03,23.8,1592708822156
0.0,0.0,23.041,23.8,1592708822230
0.0,0.0,23.041,23.8,1592708822294
0.0,0.0,23.051,23.8,1592708822436
0.0,0.0,23.051,23.8,1592708822504
0.0,0.0,23.061,23.8,1592708822575
0.0,0.0,23.061,23.8,1592708822648
0.0,0.0,23.061,23.8,1592708822717
0.0,0.0,23.061,23.8,1592708822783
0.0,0.0,23.061,23.8,1592708822853
0.0,0.0,23.061,23.8,1592708822924
0.0,0.0,23.061,23.8,1592708822994
0.0,0.0,23.061,23.8,1592708823063
0.0,0.0,23.061,23.8,1592708823139
0.0,0.0,23.051,23.8,1592708823206
0.0,0.0,23.061,23.8,1592708823346
0.0,0.0,23.061,23.8,1592708823414
0.0,0.0,23.061,23.8,1592708823491
0.0,0.0,23.061,23.8,1592708823555
0.0,0.0,23.061,23.8,1592708823625
0.0,0.0,23.061,23.8,1592708823764
0.0,0.0,23.061,23.8,1592708823928
0.0,0.0,23.061,23.8,1592708823974
0.0,0.0,23.061,23.8,1592708824043
0.0,0.0,23.061,23.8,1592708824123
0.0,0.0,23.072,23.8,1592708824254
0.0,0.0,23.061,23.8,1592708824325
0.0,0.0,23.061,23.8,1592708824393
0.0,0.0,23.061,23.8,1592708824954
0.0,0.0,23.061,23.8,1592708824985
0.0,0.0,23.061,23.8,1592708824995
0.0,0.0,23.061,23.8,1592708825000
0.0,0.0,23.061,23.8,1592708825006
0.0,0.0,23.061,23.8,1592708825020
0.0,0.0,23.061,23.8,1592708825090
0.0,0.0,23.061,23.8,1592708825160
0.0,0.0,23.061,23.8,1592708825230
0.0,0.0,23.061,23.8,1592708825300
0.0,0.0,23.061,23.8,1592708825370
0.0,0.0,23.061,23.8,1592708825446
0.0,0.0,23.061,23.8,1592708825510
0.0,0.0,23.051,23.8,1592708825651
0.0,0.0,23.051,23.8,1592708825722
0.0,0.0,23.051,23.8,1592708825790
0.0,0.0,23.051,23.8,1592708825862
0.0,0.0,23.051,23.8,1592708825932
0.0,0.0,23.051,23.8,1592708826002
0.0,0.0,23.041,23.8,1592708826071
0.0,0.0,23.041,23.8,1592708826211
0.0,0.0,23.051,23.8,1592708826279
0.0,0.0,23.051,23.8,1592708826349
0.0,0.0,23.051,23.8,1592708826421
0.0,0.0,23.051,23.8,1592708826492
0.0,0.0,23.072,23.8,1592708826566
0.0,0.0,23.072,23.8,1592708826770
0.0,0.0,23.072,23.8,1592708826849
0.0,0.0,23.072,23.8,1592708826910
0.0,0.0,23.082,23.8,1592708826982
0.0,0.0,23.103,23.8,1592708827053
0.0,0.0,23.103,23.8,1592708827120
0.0,0.0,23.103,23.8,1592708827196
0.0,0.0,23.103,23.8,1592708827259
0.0,0.0,23.093,23.8,1592708827330
0.0,0.0,23.093,23.8,1592708827400
0.0,0.0,23.093,23.8,1592708827543
0.0,0.0,23.093,23.8,1592708827611
0.0,0.0,23.093,23.8,1592708827680
0.0,0.0,23.093,23.8,1592708827820
0.0,0.0,23.093,23.8,1592708827892
0.0,0.0,23.082,23.8,1592708827960
0.0,0.0,23.082,23.8,1592708828032
0.0,0.0,23.072,23.8,1592708828101
0.0,0.0,23.072,23.8,1592708828175
0.0,0.0,23.072,23.8,1592708828240
0.0,0.0,23.072,23.8,1592708828311
0.0,0.0,23.082,23.8,1592708828380
0.0,0.0,23.082,23.8,1592708828450
0.0,0.0,23.082,23.8,1592708828519
0.0,0.0,23.082,23.8,1592708828589
0.0,0.0,23.093,23.8,1592708828670
0.0,0.0,23.103,23.8,1592708828731
0.0,0.0,23.103,23.8,1592708828870
0.0,0.0,23.113,23.8,1592708828941
0.0,0.0,23.113,23.8,1592708829011
0.0,0.0,23.103,23.8,1592708829080
0.0,0.0,23.103,23.8,1592708829151
0.0,0.0,23.103,23.8,1592708829220
0.0,0.0,23.103,23.8,1592708829290
0.0,0.0,23.103,23.8,1592708829362
0.0,0.0,23.093,23.8,1592708829444
0.0,0.0,23.072,23.8,1592708830008
0.0,0.0,23.072,23.8,1592708830013
0.0,0.0,23.061,23.8,1592708830019
0.0,0.0,23.061,23.8,1592708830024
0.0,0.0,23.061,23.8,1592708830076
0.0,0.0,23.072,23.8,1592708830142
0.0,0.0,23.072,23.8,1592708830215
0.0,0.0,23.072,23.8,1592708830281
0.0,0.0,23.061,23.8,1592708830352
0.0,0.0,23.072,23.8,1592708830421
0.0,0.0,23.072,23.8,1592708830494
0.0,0.0,23.072,23.8,1592708830563
0.0,0.0,23.072,23.8,1592708830631
0.0,0.0,23.082,23.8,1592708830705
0.0,0.0,23.093,23.8,1592708830773
0.0,0.0,23.103,23.8,1592708830843
0.0,0.0,23.103,23.8,1592708830912
0.0,0.0,23.093,23.8,1592708830985
0.0,0.0,23.082,23.8,1592708831054
0.0,0.0,23.082,23.8,1592708831126
0.0,0.0,23.082,23.8,1592708831194
0.0,0.0,23.072,23.8,1592708831264
0.0,0.0,23.061,23.8,1592708831337
0.0,0.0,23.061,23.8,1592708831402
0.0,0.0,23.051,23.8,1592708831472
0.0,0.0,23.051,23.8,1592708831546
0.0,0.0,23.051,23.8,1592708831612
0.0,0.0,23.051,23.8,1592708831689
0.0,0.0,23.051,23.8,1592708831752
0.0,0.0,23.051,23.8,1592708831822
0.0,0.0,23.051,23.8,1592708831892
0.0,0.0,23.051,23.8,1592708831962
0.0,0.0,23.051,23.8,1592708832031
0.0,0.0,23.051,23.8,1592708832171
0.0,0.0,23.051,23.8,1592708832243
0.0,0.0,23.061,23.8,1592708832314
0.0,0.0,23.051,23.8,1592708832383
0.0,0.0,23.041,23.8,1592708832454
0.0,0.0,23.041,23.8,1592708832522
0.0,0.0,23.041,23.8,1592708832599
0.0,0.0,23.041,23.8,1592708832662
0.0,0.0,23.051,23.8,1592708832734
0.0,0.0,23.051,23.8,1592708832802
0.0,0.0,23.051,23.8,1592708832880
0.0,0.0,23.051,23.8,1592708832941
0.0,0.0,23.051,23.8,1592708833011
0.0,0.0,23.051,23.8,1592708833082
0.0,0.0,23.041,23.8,1592708833154
0.0,0.0,23.041,23.8,1592708833229
0.0,0.0,23.041,23.8,1592708833292
0.0,0.0,23.041,23.8,1592708833364
0.0,0.0,23.041,23.8,1592708833502
0.0,0.0,23.041,23.8,1592708833571
0.0,0.0,23.041,23.8,1592708833642
0.0,0.0,23.041,23.8,1592708833782
0.0,0.0,23.041,23.8,1592708833991
0.0,0.0,23.041,23.8,1592708834062
0.0,0.0,23.041,23.8,1592708834131
0.0,0.0,23.041,23.8,1592708834203
0.0,0.0,23.041,23.8,1592708834275
0.0,0.0,23.041,23.8,1592708834342
0.0,0.0,23.041,23.8,1592708834412
0.0,0.0,23.041,23.8,1592708834993
0.0,0.0,23.041,23.8,1592708834997
0.0,0.0,23.041,23.8,1592708835007
0.0,0.0,23.041,23.8,1592708835013
0.0,0.0,23.041,23.8,1592708835017
0.0,0.0,23.041,23.8,1592708835262
0.0,0.0,23.051,23.8,1592708835307
0.0,0.0,23.051,23.8,1592708835314
0.0,0.0,23.051,23.8,1592708835536
0.0,0.0,23.051,23.8,1592708835547
0.0,0.0,23.051,23.8,1592708835616
0.0,0.0,23.051,23.8,1592708835816
0.0,0.0,23.041,23.8,1592708835820
0.0,0.0,23.051,23.8,1592708835829
0.0,0.0,23.051,23.8,1592708835897
0.0,0.0,23.061,23.8,1592708836102
0.0,0.0,23.061,23.8,1592708836110
0.0,0.0,23.061,23.8,1592708836120
0.0,0.0,23.082,23.8,1592708836177
0.0,0.0,23.082,23.8,1592708836406
0.0,0.0,23.082,23.8,1592708836436
0.0,0.0,23.082,23.8,1592708836439
0.0,0.0,23.082,23.8,1592708836458
0.0,0.0,23.093,23.8,1592708836728
0.0,0.0,23.093,23.8,1592708836739
0.0,0.0,23.093,23.8,1592708836806
0.0,0.0,23.093,23.8,1592708837021
0.0,0.0,23.093,23.8,1592708837026
0.0,0.0,23.093,23.8,1592708837086
0.0,0.0,23.093,23.8,1592708837322
0.0,0.0,23.093,23.8,1592708837326
0.0,0.0,23.093,23.8,1592708837368
0.0,0.0,23.093,23.8,1592708837436
0.0,0.0,23.093,23.8,1592708837632
0.0,0.0,23.093,23.8,1592708837670
0.0,0.0,23.103,23.8,1592708837679
0.0,0.0,23.103,23.8,1592708837785
0.0,0.0,23.093,23.8,1592708837856
0.0,0.0,23.093,23.8,1592708837926
0.0,0.0,23.093,23.8,1592708838002
0.0,0.0,23.093,23.8,1592708838068
0.0,0.0,23.093,23.8,1592708838135
0.0,0.0,23.082,23.8,1592708838206
0.0,0.0,23.082,23.8,1592708838276
0.0,0.0,23.093,23.8,1592708838348
0.0,0.0,23.082,23.8,1592708838417
0.0,0.0,23.072,23.8,1592708838485
0.0,0.0,23.072,23.8,1592708838558
0.0,0.0,23.061,23.8,1592708838627
0.0,0.0,23.051,23.8,1592708838698
0.0,0.0,23.041,23.8,1592708838771
0.0,0.0,23.03,23.8,1592708838906
0.0,0.0,23.02,23.8,1592708838983
0.0,0.0,23.02,23.8,1592708839046
0.0,0.0,23.02,23.8,1592708839186
0.0,0.0,23.02,23.8,1592708839255
0.0,0.0,23.02,23.8,1592708839325
0.0,0.0,23.02,23.8,1592708839954
0.0,0.0,23.02,23.8,1592708839992
0.0,0.0,23.02,23.8,1592708840003
0.0,0.0,23.02,23.8,1592708840007
0.0,0.0,23.02,23.8,1592708840020
0.0,0.0,23.02,23.8,1592708840090
0.0,0.0,23.02,23.8,1592708840163
0.0,0.0,23.03,23.8,1592708840231
0.0,0.0,23.03,23.8,1592708840301
0.0,0.0,23.03,23.8,1592708840370
0.0,0.0,23.03,23.8,1592708840510
0.0,0.0,23.03,23.8,1592708840582
0.0,0.0,23.03,23.8,1592708840650
0.0,0.0,23.03,23.8,1592708840790
0.0,0.0,23.03,23.8,1592708840930
0.0,0.0,23.03,23.8,1592708841071
0.0,0.0,23.03,23.8,1592708841147
0.0,0.0,23.03,23.8,1592708841211
0.0,0.0,23.041,23.8,1592708841350
0.0,0.0,23.03,23.8,1592708841421
0.0,0.0,23.03,23.8,1592708841490
0.0,0.0,23.03,23.8,1592708841562
0.0,0.0,23.041,23.8,1592708841634
0.0,0.0,23.041,23.8,1592708841702
0.0,0.0,23.051,23.8,1592708841842
0.0,0.0,23.061,23.8,1592708841911
0.0,0.0,23.061,23.8,1592708841981
0.0,0.0,23.061,23.8,1592708842051
0.0,0.0,23.061,23.8,1592708842122
0.0,0.0,23.051,23.8,1592708842193
0.0,0.0,23.051,23.8,1592708842260
0.0,0.0,23.051,23.8,1592708842330
0.0,0.0,23.051,23.8,1592708842403
0.0,0.0,23.051,23.8,1592708842471
0.0,0.0,23.041,23.8,1592708842544
0.0,0.0,23.051,23.8,1592708842681
0.0,0.0,23.051,23.8,1592708842751
0.0,0.0,23.051,23.8,1592708842821
0.0,0.0,23.051,23.8,1592708842960
0.0,0.0,23.061,23.8,1592708843034
0.0,0.0,23.061,23.8,1592708843203
0.0,0.0,23.051,23.8,1592708843242
0.0,0.0,23.051,23.8,1592708843311
0.0,0.0,23.051,23.8,1592708843380
0.0,0.0,23.051,23.8,1592708843528
0.0,0.0,23.051,23.8,1592708843590
0.0,0.0,23.041,23.8,1592708843660
0.0,0.0,23.041,23.8,1592708843730
0.0,0.0,23.041,23.8,1592708843801
0.0,0.0,23.041,23.8,1592708843870
0.0,0.0,23.051,23.8,1592708843941
0.0,0.0,23.051,23.8,1592708844015
0.0,0.0,23.051,23.8,1592708844080
0.0,0.0,23.051,23.8,1592708844155
0.0,0.0,23.051,23.8,1592708844221
0.0,0.0,23.051,23.8,1592708844292
0.0,0.0,23.051,23.8,1592708844361
0.0,0.0,23.051,23.8,1592708844434
0.0,0.0,23.051,23.8,1592708844957
0.0,0.0,23.061,23.8,1592708844962
0.0,0.0,23.061,23.8,1592708844968
0.0,0.0,23.072,23.8,1592708844972
0.0,0.0,23.072,23.8,1592708845023
0.0,0.0,23.072,23.8,1592708845091
0.0,0.0,23.082,23.8,1592708845164
0.0,0.0,23.082,23.8,1592708845233
0.0,0.0,23.082,23.8,1592708845301
0.0,0.0,23.082,23.8,1592708845442
0.0,0.0,23.082,23.8,1592708845524
0.0,0.0,23.082,23.8,1592708845585
0.0,0.0,23.082,23.8,1592708845654
0.0,0.0,23.072,23.8,1592708845722
0.0,0.0,23.072,23.8,1592708845800
0.0,0.0,23.072,23.8,1592708845862
0.0,0.0,23.072,23.8,1592708845932
0.0,0.0,23.082,23.8,1592708846004
0.0,0.0,23.072,23.8,1592708846213
0.0,0.0,23.072,23.8,1592708846283
0.0,0.0,23.072,23.8,1592708846352
0.0,0.0,23.072,23.8,1592708846422
0.0,0.0,23.072,23.8,1592708846504
0.0,0.0,23.072,23.8,1592708846562
0.0,0.0,23.072,23.8,1592708846631
0.0,0.0,23.061,23.8,1592708846703
0.0,0.0,23.061,23.8,1592708846771
0.0,0.0,23.061,23.8,1592708846842
0.0,0.0,23.061,23.8,1592708846912
0.0,0.0,23.051,23.8,1592708846983
0.0,0.0,23.051,23.8,1592708847052
0.0,0.0,23.051,23.8,1592708847123
0.0,0.0,23.051,23.8,1592708847191
0.0,0.0,23.061,23.8,1592708847403
0.0,0.0,23.061,23.8,1592708847542
0.0,0.0,23.061,23.8,1592708847611
0.0,0.0,23.072,23.8,1592708847683
0.0,0.0,23.072,23.8,1592708847760
0.0,0.0,23.072,23.8,1592708847822
0.0,0.0,23.061,23.8,1592708847896
0.0,0.0,23.061,23.8,1592708847962
0.0,0.0,23.061,23.8,1592708848032
0.0,0.0,23.072,23.8,1592708848104
0.0,0.0,23.072,23.8,1592708848246
0.0,0.0,23.072,23.8,1592708848312
0.0,0.0,23.072,23.8,1592708848382
0.0,0.0,23.072,23.8,1592708848451
0.0,0.0,23.072,23.8,1592708848524
0.0,0.0,23.082,23.8,1592708848605
0.0,0.0,23.072,23.8,1592708848663
0.0,0.0,23.072,23.8,1592708848732
0.0,0.0,23.072,23.8,1592708848804
0.0,0.0,23.072,23.8,1592708848871
0.0,0.0,23.082,23.8,1592708848950
0.0,0.0,23.093,23.8,1592708849013
0.0,0.0,23.103,23.8,1592708849084
0.0,0.0,23.103,23.8,1592708849154
0.0,0.0,23.103,23.8,1592708849222
0.0,0.0,23.093,23.8,1592708849293
0.0,0.0,23.103,23.8,1592708849363
0.0,0.0,23.113,23.8,1592708849433
0.0,0.0,23.113,23.8,1592708849525
0.0,0.0,23.124,23.8,1592708849584
0.0,0.0,23.124,23.8,1592708849642
0.0,0.0,23.124,23.8,1592708849712
0.0,0.0,23.124,23.8,1592708849785
0.0,0.0,23.113,23.8,1592708850489
0.0,0.0,23.113,23.8,1592708850493
0.0,0.0,23.113,23.8,1592708850497
0.0,0.0,23.113,23.8,1592708850560
0.0,0.0,23.113,23.8,1592708850625
0.0,0.0,23.124,23.8,1592708850763
0.0,0.0,23.124,23.8,1592708850834
0.0,0.0,23.124,23.8,1592708850904
0.0,0.0,23.124,23.8,1592708850974
0.0,0.0,23.124,23.8,1592708851044
0.0,0.0,23.124,23.8,1592708851117
0.0,0.0,23.124,23.8,1592708851187
0.0,0.0,23.134,23.8,1592708851254
0.0,0.0,23.134,23.8,1592708851325
0.0,0.0,23.145,23.8,1592708851394
0.0,0.0,23.145,23.8,1592708851465
0.0,0.0,23.186,23.8,1592708851536
0.0,0.0,23.186,23.8,1592708851604
0.0,0.0,23.186,23.8,1592708851673
0.0,0.0,23.176,23.8,1592708851752
0.0,0.0,23.166,23.8,1592708851814
0.0,0.0,23.155,23.8,1592708851883
0.0,0.0,23.166,23.8,1592708851953
0.0,0.0,23.186,23.8,1592708852094
0.0,0.0,23.186,23.8,1592708852164
0.0,0.0,23.186,23.8,1592708852235
0.0,0.0,23.186,23.8,1592708852305
0.0,0.0,23.186,23.8,1592708852377
0.0,0.0,23.186,23.8,1592708852444
0.0,0.0,23.197,23.8,1592708852537
0.0,0.0,23.197,23.8,1592708852583
0.0,0.0,23.197,23.8,1592708852658
0.0,0.0,23.197,23.8,1592708852723
0.0,0.0,23.197,23.8,1592708852796
0.0,0.0,23.207,23.8,1592708852869
0.0,0.0,23.207,23.8,1592708852933
0.0,0.0,23.218,23.8,1592708853005
0.0,0.0,23.207,23.8,1592708853075
0.0,0.0,23.207,23.8,1592708853144
0.0,0.0,23.207,23.8,1592708853214
0.0,0.0,23.207,23.8,1592708853284
0.0,0.0,23.218,23.8,1592708853371
0.0,0.0,23.207,23.8,1592708853425
0.0,0.0,23.207,23.8,1592708853494
0.0,0.0,23.207,23.8,1592708853563
0.0,0.0,23.197,23.8,1592708853635
0.0,0.0,23.186,23.8,1592708853706
0.0,0.0,23.186,23.8,1592708853774
0.0,0.0,23.145,23.8,1592708853857
0.0,0.0,23.145,23.8,1592708854053
0.0,0.0,23.145,23.8,1592708854128
0.0,0.0,23.155,23.8,1592708854194
0.0,0.0,23.166,23.8,1592708854266
0.0,0.0,23.166,23.8,1592708854335
0.0,0.0,23.166,23.8,1592708854403
0.0,0.0,23.145,23.8,1592708854476
0.0,0.0,23.134,23.8,1592708854545
0.0,0.0,23.134,23.8,1592708854742
0.0,0.0,23.134,23.8,1592708854756
0.0,0.0,23.134,23.8,1592708854824
0.0,0.0,23.124,23.8,1592708855386
0.0,0.0,23.124,23.8,1592708855424
0.0,0.0,23.124,23.8,1592708855427
0.0,0.0,23.124,23.8,1592708855436
0.0,0.0,23.113,23.8,1592708855441
0.0,0.0,23.113,23.8,1592708855558
0.0,0.0,23.113,23.8,1592708855563
0.0,0.0,23.113,23.8,1592708855659
0.0,0.0,23.103,23.8,1592708855836
0.0,0.0,23.103,23.8,1592708855839
0.0,0.0,23.103,23.8,1592708855871
0.0,0.0,23.103,23.8,1592708855939
0.0,0.0,23.113,23.8,1592708856117
0.0,0.0,23.124,23.8,1592708856120
0.0,0.0,23.124,23.8,1592708856153
0.0,0.0,23.124,23.8,1592708856220
0.0,0.0,23.134,23.8,1592708856417
0.0,0.0,23.134,23.8,1592708856499
0.0,0.0,23.145,23.8,1592708856729
0.0,0.0,23.145,23.8,1592708856734
0.0,0.0,23.145,23.8,1592708856742
0.0,0.0,23.155,23.8,1592708856806
0.0,0.0,23.155,23.8,1592708857029
0.0,0.0,23.155,23.8,1592708857033
0.0,0.0,23.155,23.8,1592708857040
0.0,0.0,23.155,23.8,1592708857063
0.0,0.0,23.155,23.8,1592708857130
0.0,0.0,23.155,23.8,1592708857331
0.0,0.0,23.155,23.8,1592708857336
0.0,0.0,23.155,23.8,1592708857343
0.0,0.0,23.155,23.8,1592708857409
0.0,0.0,23.166,23.8,1592708857641
0.0,0.0,23.166,23.8,1592708857645
0.0,0.0,23.176,23.8,1592708857660
0.0,0.0,23.176,23.8,1592708857694
0.0,0.0,23.186,23.8,1592708857762
0.0,0.0,23.186,23.8,1592708857831
0.0,0.0,23.197,23.8,1592708857971
0.0,0.0,23.197,23.8,1592708858040
0.0,0.0,23.197,23.8,1592708858109
0.0,0.0,23.207,23.8,1592708858185
0.0,0.0,23.207,23.8,1592708858319
0.0,0.0,23.207,23.8,1592708858391
0.0,0.0,23.207,23.8,1592708858543
0.0,0.0,23.197,23.8,1592708858600
0.0,0.0,23.197,23.8,1592708858671
0.0,0.0,23.197,23.8,1592708858742
0.0,0.0,23.197,23.8,1592708858810
0.0,0.0,23.186,23.8,1592708858881
0.0,0.0,23.186,23.8,1592708858952
0.0,0.0,23.186,23.8,1592708859019
0.0,0.0,23.186,23.8,1592708859089
0.0,0.0,23.186,23.8,1592708859160
0.0,0.0,23.176,23.8,1592708859237
0.0,0.0,23.176,23.8,1592708859301
0.0,0.0,23.176,23.8,1592708859373
0.0,0.0,23.166,23.8,1592708859440
0.0,0.0,23.166,23.8,1592708859509
0.0,0.0,23.166,23.8,1592708859582
0.0,0.0,23.166,23.8,1592708859649
0.0,0.0,23.166,23.8,1592708859721
0.0,0.0,23.166,23.8,1592708859789
0.0,0.0,23.166,23.8,1592708859861
0.0,0.0,23.155,23.8,1592708860421
0.0,0.0,23.155,23.8,1592708860452
0.0,0.0,23.155,23.8,1592708860461
0.0,0.0,23.155,23.8,1592708860496
0.0,0.0,23.155,23.8,1592708860554
0.0,0.0,23.176,23.8,1592708860765
0.0,0.0,23.166,23.8,1592708860836
0.0,0.0,23.166,23.8,1592708860906
0.0,0.0,23.155,23.8,1592708860974
0.0,0.0,23.145,23.8,1592708861044
0.0,0.0,23.145,23.8,1592708861114
0.0,0.0,23.145,23.8,1592708861188
0.0,0.0,23.145,23.8,1592708861254
0.0,0.0,23.145,23.8,1592708861326
0.0,0.0,23.134,23.8,1592708861396
0.0,0.0,23.134,23.8,1592708861464
0.0,0.0,23.134,23.8,1592708861605
0.0,0.0,23.145,23.8,1592708861676
0.0,0.0,23.145,23.8,1592708861745
0.0,0.0,23.145,23.8,1592708861814
0.0,0.0,23.145,23.8,1592708861885
0.0,0.0,23.145,23.8,1592708861963
0.0,0.0,23.155,23.8,1592708862026
0.0,0.0,23.166,23.8,1592708862097
0.0,0.0,23.166,23.8,1592708862164
0.0,0.0,23.166,23.8,1592708862235
0.0,0.0,23.166,23.8,1592708862376
0.0,0.0,23.176,23.8,1592708862445
0.0,0.0,23.176,23.8,1592708862516
0.0,0.0,23.176,23.8,1592708862585
0.0,0.0,23.186,23.8,1592708862654
0.0,0.0,23.186,23.8,1592708862731
0.0,0.0,23.186,23.8,1592708862794
0.0,0.0,23.186,23.8,1592708862864
0.0,0.0,23.186,23.8,1592708862934
0.0,0.0,23.186,23.8,1592708863005
0.0,0.0,23.176,23.8,1592708863075
0.0,0.0,23.166,23.8,1592708863145
0.0,0.0,23.166,23.8,1592708863214
0.0,0.0,23.166,23.8,1592708863285
0.0,0.0,23.166,23.8,1592708863355
0.0,0.0,23.166,23.8,1592708863426
0.0,0.0,23.166,23.8,1592708863495
0.0,0.0,23.166,23.8,1592708863566
0.0,0.0,23.166,23.8,1592708863704
0.0,0.0,23.186,23.8,1592708863779
0.0,0.0,23.186,23.8,1592708863915
0.0,0.0,23.197,23.8,1592708863987
0.0,0.0,23.197,23.8,1592708864055
0.0,0.0,23.197,23.8,1592708864126
0.0,0.0,23.218,23.8,1592708864265
0.0,0.0,23.228,23.8,1592708864337
0.0,0.0,23.228,23.8,1592708864405
0.0,0.0,23.228,23.8,1592708864475
0.0,0.0,23.228,23.8,1592708864545
0.0,0.0,23.228,23.8,1592708864619
0.0,0.0,23.238,23.8,1592708864686
0.0,0.0,23.238,23.8,1592708864754
0.0,0.0,23.228,23.8,1592708864829
0.0,0.0,23.228,23.8,1592708864897
0.0,0.0,23.228,23.8,1592708864964
0.0,0.0,23.228,23.8,1592708865035
0.0,0.0,23.228,23.8,1592708865105
0.0,0.0,23.228,23.8,1592708865174
0.0,0.0,23.218,23.8,1592708865246
0.0,0.0,23.218,23.8,1592708865314
0.0,0.0,23.207,23.8,1592708865385
0.0,0.0,23.207,23.8,1592708865454
0.0,0.0,23.207,23.8,1592708865525
0.0,0.0,23.207,23.8,1592708865594
0.0,0.0,23.197,23.8,1592708865667
0.0,0.0,23.197,23.8,1592708865734
0.0,0.0,23.207,23.8,1592708865806
0.0,0.0,23.218,23.8,1592708865946
0.0,0.0,23.218,23.8,1592708866014
0.0,0.0,23.218,23.8,1592708866084
0.0,0.0,23.218,23.8,1592708866730
0.0,0.0,23.207,23.8,1592708866796
0.0,0.0,23.197,23.8,1592708866867
0.0,0.0,23.186,23.8,1592708866938
0.0,0.0,23.186,23.8,1592708867007
0.0,0.0,23.176,23.8,1592708867080
0.0,0.0,23.155,23.8,1592708867147
0.0,0.0,23.145,23.8,1592708867219
0.0,0.0,23.134,23.8,1592708867286
0.0,0.0,23.124,23.8,1592708867359
0.0,0.0,23.113,23.8,1592708867497
0.0,0.0,23.113,23.8,1592708867565
0.0,0.0,23.103,23.8,1592708867636
0.0,0.0,23.113,23.8,1592708867708
0.0,0.0,23.113,23.8,1592708867846
0.0,0.0,23.113,23.8,1592708867916
0.0,0.0,23.113,23.8,1592708867988
0.0,0.0,23.113,23.8,1592708868066
0.0,0.0,23.124,23.8,1592708868130
0.0,0.0,23.134,23.8,1592708868198
0.0,0.0,23.145,23.8,1592708868268
0.0,0.0,23.145,23.8,1592708868349
0.0,0.0,23.145,23.8,1592708868406
0.0,0.0,23.155,23.8,1592708868475
0.0,0.0,23.155,23.8,1592708868550
0.0,0.0,23.155,23.8,1592708868615
0.0,0.0,23.155,23.8,1592708868686
0.0,0.0,23.155,23.8,1592708868755
0.0,0.0,23.145,23.8,1592708868826
0.0,0.0,23.145,23.8,1592708868966
0.0,0.0,23.145,23.8,1592708869038
0.0,0.0,23.134,23.8,1592708869105
0.0,0.0,23.134,23.8,1592708869177
0.0,0.0,23.134,23.8,1592708869247
0.0,0.0,23.145,23.8,1592708869319
0.0,0.0,23.145,23.8,1592708869458
0.0,0.0,23.145,23.8,1592708869532
0.0,0.0,23.145,23.8,1592708869595
0.0,0.0,23.145,23.8,1592708869745
0.0,0.0,23.155,23.8,1592708869876
0.0,0.0,23.166,23.8,1592708870002
0.0,0.0,23.176,23.8,1592708870087
0.0,0.0,23.176,23.8,1592708870155
0.0,0.0,23.186,23.8,1592708870226
0.0,0.0,23.186,23.8,1592708870296
0.0,0.0,23.176,23.8,1592708870367
0.0,0.0,23.166,23.8,1592708870450
0.0,0.0,23.176,23.8,1592708870507
0.0,0.0,23.176,23.8,1592708870585
