0.0,0.0,4.07,21.0,1559426252332
0.0,0.0,4.07,21.0,1559426252546
0.0,0.0,4.07,21.0,1559426252742
0.0,0.0,4.07,21.0,1559426252743
0.0,0.0,4.07,21.0,1559426253288
0.0,0.0,4.07,21.0,1559426253290
0.0,0.0,4.07,21.0,1559426253291
0.0,0.0,4.07,21.0,1559426253291
0.0,0.0,4.07,21.0,1559426253291
0.0,0.0,4.07,21.0,1559426253297
0.0,0.0,4.07,21.0,1559426253396
0.0,0.0,4.07,21.0,1559426253582
0.0,0.0,4.07,21.0,1559426253599
0.0,0.0,4.05,21.0,1559426253700
0.0,0.0,4.05,21.0,1559426253890
0.0,0.0,4.05,21.0,1559426253903
0.0,0.0,4.05,21.0,1559426254005
0.0,0.0,4.05,21.0,1559426254186
0.0,0.0,4.05,21.0,1559426254207
0.0,0.0,4.05,21.0,1559426254492
0.0,0.0,4.05,21.0,1559426254508
35.162559509277344,139.615478515625,4.05,21.0,1559426256052
0.0,0.0,4.05,21.0,1559426256059
0.0,0.0,4.05,21.0,1559426256062
0.0,0.0,4.05,21.0,1559426256065
0.0,0.0,4.05,21.0,1559426256065
0.0,0.0,4.05,21.0,1559426256073
0.0,0.0,4.05,21.0,1559426256073
0.0,0.0,4.05,21.0,1559426256074
0.0,0.0,4.05,21.0,1559426256077
0.0,0.0,4.05,21.0,1559426256078
0.0,0.0,4.05,21.0,1559426256079
0.0,0.0,4.07,21.0,1559426256079
0.0,0.0,4.07,21.0,1559426256080
0.0,0.0,4.07,21.0,1559426256080
0.0,0.0,4.07,21.0,1559426256081
0.0,0.0,4.07,21.0,1559426256081
0.0,0.0,4.07,21.0,1559426256133
0.0,0.0,4.07,21.0,1559426256234
0.0,0.0,4.07,21.0,1559426256338
0.0,0.0,4.07,21.0,1559426256437
0.0,0.0,4.07,21.0,1559426256539
0.0,0.0,4.07,21.0,1559426256640
0.0,0.0,4.07,21.0,1559426256847
0.0,0.0,4.05,21.0,1559426256848
0.0,0.0,4.05,21.0,1559426256944
0.0,0.0,4.05,21.0,1559426257045
0.0,0.0,4.05,21.0,1559426257148
0.0,0.0,4.05,21.0,1559426257247
0.0,0.0,4.07,21.0,1559426257351
0.0,0.0,4.07,21.0,1559426257450
0.0,0.0,4.07,21.0,1559426257564
0.0,0.0,4.07,21.0,1559426257762
0.0,0.0,4.07,21.0,1559426257763
0.0,0.0,4.07,21.0,1559426257889
0.0,0.0,4.05,21.0,1559426258059
0.0,0.0,4.05,21.0,1559426258159
0.0,0.0,4.05,21.0,1559426258349
0.0,0.0,4.05,21.0,1559426258364
0.0,0.0,4.05,21.0,1559426258463
35.16255187988281,139.615478515625,4.05,21.0,1559426258464
0.0,0.0,4.05,21.0,1559426259199
0.0,0.0,4.05,21.0,1559426259216
0.0,0.0,4.05,21.0,1559426259216
0.0,0.0,4.05,21.0,1559426259217
0.0,0.0,4.05,21.0,1559426259217
0.0,0.0,4.05,21.0,1559426259218
0.0,0.0,4.05,21.0,1559426259219
0.0,0.0,4.05,21.0,1559426259275
0.0,0.0,4.05,21.0,1559426259501
0.0,0.0,4.05,21.0,1559426259502
0.0,0.0,4.05,21.0,1559426259578
0.0,0.0,4.05,21.0,1559426259805
0.0,0.0,4.05,21.0,1559426259806
0.0,0.0,4.05,21.0,1559426259882
0.0,0.0,4.05,21.0,1559426260112
0.0,0.0,4.05,21.0,1559426260112
0.0,0.0,4.05,21.0,1559426260186
0.0,0.0,4.05,21.0,1559426260413
0.0,0.0,4.05,21.0,1559426260414
0.0,0.0,4.05,21.0,1559426260490
0.0,0.0,4.05,21.0,1559426260723
0.0,0.0,4.05,21.0,1559426260724
35.16254425048828,139.61550903320312,4.05,21.0,1559426260724
0.0,0.0,4.05,21.0,1559426260794
0.0,0.0,4.05,21.0,1559426260895
0.0,0.0,4.05,21.0,1559426260996
0.0,0.0,4.05,21.0,1559426261148
0.0,0.0,4.05,21.0,1559426261199
0.0,0.0,4.05,21.0,1559426261300
0.0,0.0,4.05,21.0,1559426261403
0.0,0.0,4.05,21.0,1559426261503
0.0,0.0,4.05,21.0,1559426261660
0.0,0.0,4.05,21.0,1559426261807
0.0,0.0,4.05,21.0,1559426261967
0.0,0.0,4.05,21.0,1559426262009
0.0,0.0,4.05,21.0,1559426262110
0.0,0.0,4.05,21.0,1559426262212
0.0,0.0,4.05,21.0,1559426262313
0.0,0.0,4.05,21.0,1559426262416
0.0,0.0,4.05,21.0,1559426262516
0.0,0.0,4.05,21.0,1559426262684
0.0,0.0,4.05,21.0,1559426262719
0.0,0.0,4.05,21.0,1559426262819
0.0,0.0,4.05,21.0,1559426263093
0.0,0.0,4.05,21.0,1559426263094
35.16257095336914,139.61553955078125,4.05,21.0,1559426263094
0.0,0.0,4.05,21.0,1559426263124
0.0,0.0,4.05,21.0,1559426263225
0.0,0.0,4.05,21.0,1559426263400
0.0,0.0,4.05,21.0,1559426263430
0.0,0.0,4.05,21.0,1559426263531
0.0,0.0,4.05,21.0,1559426264138
0.0,0.0,4.05,21.0,1559426264238
0.0,0.0,4.05,21.0,1559426264339
0.0,0.0,4.05,21.0,1559426264443
0.0,0.0,4.05,21.0,1559426264630
0.0,0.0,4.05,21.0,1559426264644
0.0,0.0,4.05,21.0,1559426264745
0.0,0.0,4.05,21.0,1559426264936
0.0,0.0,4.05,21.0,1559426264947
0.0,0.0,4.05,21.0,1559426265048
0.0,0.0,4.05,21.0,1559426265244
0.0,0.0,4.05,21.0,1559426265256
0.0,0.0,4.05,21.0,1559426265353
35.16259002685547,139.6155242919922,4.05,21.0,1559426265356
0.0,0.0,4.05,21.0,1559426265653
0.0,0.0,4.05,21.0,1559426265654
0.0,0.0,4.05,21.0,1559426265657
0.0,0.0,4.05,21.0,1559426265758
0.0,0.0,4.05,21.0,1559426265960
0.0,0.0,4.05,21.0,1559426265961
0.0,0.0,4.05,21.0,1559426266061
0.0,0.0,4.05,21.0,1559426266196
0.0,0.0,4.05,21.0,1559426266265
0.0,0.0,4.05,21.0,1559426266365
0.0,0.0,4.05,21.0,1559426266469
0.0,0.0,4.05,21.0,1559426266568
0.0,0.0,4.05,21.0,1559426266678
0.0,0.0,4.02,21.0,1559426266771
0.0,0.0,4.02,21.0,1559426266872
0.0,0.0,4.02,21.0,1559426266985
0.0,0.0,4.02,21.0,1559426267075
0.0,0.0,4.02,21.0,1559426267176
0.0,0.0,4.02,21.0,1559426267277
0.0,0.0,4.02,21.0,1559426267379
0.0,0.0,4.02,21.0,1559426267482
0.0,0.0,4.02,21.0,1559426267581
35.16259765625,139.6155242919922,4.02,21.0,1559426267582
0.0,0.0,4.02,21.0,1559426267702
0.0,0.0,4.02,21.0,1559426267784
0.0,0.0,4.02,21.0,1559426267885
0.0,0.0,4.02,21.0,1559426268009
0.0,0.0,4.02,21.0,1559426268088
0.0,0.0,4.05,21.0,1559426268189
0.0,0.0,4.05,21.0,1559426268316
0.0,0.0,4.05,21.0,1559426268392
0.0,0.0,4.05,21.0,1559426268497
0.0,0.0,4.05,21.0,1559426269135
0.0,0.0,4.05,21.0,1559426269136
0.0,0.0,4.05,21.0,1559426269137
0.0,0.0,4.05,21.0,1559426269138
0.0,0.0,4.05,21.0,1559426269139
0.0,0.0,4.05,21.0,1559426269139
0.0,0.0,4.05,21.0,1559426269203
0.0,0.0,4.05,21.0,1559426269304
0.0,0.0,4.05,21.0,1559426269407
0.0,0.0,4.05,21.0,1559426269508
0.0,0.0,4.05,21.0,1559426269647
0.0,0.0,4.05,21.0,1559426269709
0.0,0.0,4.05,21.0,1559426269811
0.0,0.0,4.05,21.0,1559426269955
35.16258239746094,139.6155548095703,4.05,21.0,1559426269955
0.0,0.0,4.05,21.0,1559426270013
0.0,0.0,4.05,21.0,1559426270114
0.0,0.0,4.05,21.0,1559426270262
0.0,0.0,4.05,21.0,1559426270317
0.0,0.0,4.05,21.0,1559426270418
0.0,0.0,4.05,21.0,1559426270569
0.0,0.0,4.05,21.0,1559426270621
0.0,0.0,4.05,21.0,1559426270722
0.0,0.0,4.05,21.0,1559426270875
0.0,0.0,4.05,21.0,1559426270925
0.0,0.0,4.05,21.0,1559426271026
0.0,0.0,4.05,21.0,1559426271183
0.0,0.0,4.05,21.0,1559426271229
0.0,0.0,4.05,21.0,1559426271330
0.0,0.0,4.05,21.0,1559426271431
0.0,0.0,4.05,21.0,1559426271535
0.0,0.0,4.05,21.0,1559426271695
0.0,0.0,4.05,21.0,1559426271735
0.0,0.0,4.05,21.0,1559426271836
0.0,0.0,4.05,21.0,1559426272002
0.0,0.0,4.05,21.0,1559426272039
0.0,0.0,4.05,21.0,1559426272140
0.0,0.0,4.05,21.0,1559426272242
0.0,0.0,4.02,21.0,1559426272343
0.0,0.0,4.02,21.0,1559426272444
0.0,0.0,4.02,21.0,1559426272548
0.0,0.0,4.02,21.0,1559426272719
0.0,0.0,4.02,21.0,1559426272749
0.0,0.0,4.02,21.0,1559426272850
0.0,0.0,4.02,21.0,1559426273027
0.0,0.0,4.02,21.0,1559426273053
0.0,0.0,4.02,21.0,1559426273153
0.0,0.0,4.02,21.0,1559426273334
0.0,0.0,4.02,21.0,1559426273357
0.0,0.0,4.02,21.0,1559426273457
0.0,0.0,4.02,21.0,1559426274051
0.0,0.0,4.02,21.0,1559426274051
0.0,0.0,4.02,21.0,1559426274052
0.0,0.0,4.02,21.0,1559426274053
0.0,0.0,4.02,21.0,1559426274054
0.0,0.0,4.02,21.0,1559426274065
0.0,0.0,4.02,21.0,1559426274167
0.0,0.0,4.02,21.0,1559426274268
0.0,0.0,4.02,21.0,1559426274369
0.0,0.0,4.02,21.0,1559426274471
35.162559509277344,139.61557006835938,4.02,21.0,1559426274472
0.0,0.0,4.02,21.0,1559426274574
0.0,0.0,4.02,21.0,1559426274767
0.0,0.0,4.02,21.0,1559426274775
0.0,0.0,4.02,21.0,1559426274876
0.0,0.0,4.02,21.0,1559426275075
0.0,0.0,4.02,21.0,1559426275078
0.0,0.0,4.02,21.0,1559426275180
0.0,0.0,4.02,21.0,1559426275382
0.0,0.0,4.02,21.0,1559426275385
0.0,0.0,4.02,21.0,1559426275484
0.0,0.0,4.02,21.0,1559426275587
0.0,0.0,4.02,21.0,1559426275895
0.0,0.0,4.02,21.0,1559426275895
0.0,0.0,4.02,21.0,1559426275896
0.0,0.0,4.02,21.0,1559426275994
0.0,0.0,4.02,21.0,1559426276294
0.0,0.0,4.02,21.0,1559426276554
0.0,0.0,4.02,21.0,1559426276555
0.0,0.0,4.02,21.0,1559426276600
0.0,0.0,4.02,21.0,1559426276849
0.0,0.0,4.02,21.0,1559426276850
35.16255569458008,139.61557006835938,4.02,21.0,1559426276850
0.0,0.0,4.02,21.0,1559426276902
0.0,0.0,4.02,21.0,1559426277145
0.0,0.0,4.02,21.0,1559426277146
0.0,0.0,4.02,21.0,1559426277207
0.0,0.0,4.02,21.0,1559426277433
0.0,0.0,4.02,21.0,1559426277447
0.0,0.0,4.02,21.0,1559426277510
0.0,0.0,4.02,21.0,1559426277724
0.0,0.0,4.02,21.0,1559426277725
0.0,0.0,4.02,21.0,1559426277814
0.0,0.0,4.02,21.0,1559426278027
0.0,0.0,4.02,21.0,1559426278028
0.0,0.0,4.02,21.0,1559426278118
0.0,0.0,4.02,21.0,1559426278331
0.0,0.0,4.02,21.0,1559426278334
0.0,0.0,4.02,21.0,1559426278422
0.0,0.0,4.02,21.0,1559426279039
0.0,0.0,4.02,21.0,1559426279041
0.0,0.0,4.02,21.0,1559426279042
0.0,0.0,4.02,21.0,1559426279043
0.0,0.0,4.02,21.0,1559426279043
0.0,0.0,4.02,21.0,1559426279047
0.0,0.0,4.02,21.0,1559426279243
0.0,0.0,4.02,21.0,1559426279244
35.16255569458008,139.61557006835938,4.02,21.0,1559426279244
0.0,0.0,4.02,21.0,1559426279334
0.0,0.0,4.02,21.0,1559426279535
0.0,0.0,4.02,21.0,1559426279537
0.0,0.0,4.02,21.0,1559426279647
0.0,0.0,4.02,21.0,1559426279815
0.0,0.0,4.02,21.0,1559426279841
0.0,0.0,4.02,21.0,1559426280105
0.0,0.0,4.02,21.0,1559426280106
0.0,0.0,4.02,21.0,1559426280144
0.0,0.0,4.02,21.0,1559426280405
0.0,0.0,4.02,21.0,1559426280406
0.0,0.0,4.02,21.0,1559426280448
0.0,0.0,4.02,21.0,1559426280697
0.0,0.0,4.02,21.0,1559426280700
0.0,0.0,4.02,21.0,1559426280752
0.0,0.0,4.02,21.0,1559426280975
0.0,0.0,4.02,21.0,1559426280976
0.0,0.0,4.02,21.0,1559426281056
0.0,0.0,3.99,21.0,1559426281277
0.0,0.0,3.99,21.0,1559426281277
0.0,0.0,3.99,21.0,1559426281360
0.0,0.0,3.99,21.0,1559426281584
0.0,0.0,3.99,21.0,1559426281585
35.16252517700195,139.61558532714844,3.99,21.0,1559426281623
0.0,0.0,3.99,21.0,1559426281667
0.0,0.0,3.99,21.0,1559426281889
0.0,0.0,3.99,21.0,1559426281890
0.0,0.0,4.02,21.0,1559426281967
0.0,0.0,4.02,21.0,1559426282272
0.0,0.0,4.02,21.0,1559426282495
0.0,0.0,4.02,21.0,1559426282496
0.0,0.0,4.02,21.0,1559426282576
0.0,0.0,4.02,21.0,1559426282679
0.0,0.0,4.02,21.0,1559426282857
0.0,0.0,4.02,21.0,1559426282888
0.0,0.0,4.02,21.0,1559426282980
0.0,0.0,4.02,21.0,1559426283164
0.0,0.0,4.02,21.0,1559426283183
0.0,0.0,4.02,21.0,1559426283285
0.0,0.0,4.02,21.0,1559426284043
35.1624870300293,139.61558532714844,4.02,21.0,1559426284045
0.0,0.0,4.02,21.0,1559426284063
0.0,0.0,4.02,21.0,1559426284071
0.0,0.0,4.02,21.0,1559426284072
0.0,0.0,4.02,21.0,1559426284072
0.0,0.0,4.02,21.0,1559426284073
0.0,0.0,4.02,21.0,1559426284074
0.0,0.0,4.02,21.0,1559426284095
0.0,0.0,4.02,21.0,1559426284196
0.0,0.0,4.02,21.0,1559426284298
0.0,0.0,4.02,21.0,1559426284399
0.0,0.0,4.02,21.0,1559426284534
0.0,0.0,4.02,21.0,1559426284602
0.0,0.0,4.02,21.0,1559426284705
0.0,0.0,4.02,21.0,1559426284805
0.0,0.0,4.02,21.0,1559426284906
0.0,0.0,4.02,21.0,1559426285110
0.0,0.0,4.02,21.0,1559426285111
0.0,0.0,4.02,21.0,1559426285210
0.0,0.0,4.02,21.0,1559426285417
0.0,0.0,4.02,21.0,1559426285417
0.0,0.0,4.02,21.0,1559426285513
0.0,0.0,4.02,21.0,1559426285615
0.0,0.0,4.02,21.0,1559426285724
0.0,0.0,4.02,21.0,1559426285817
0.0,0.0,3.99,21.0,1559426285919
0.0,0.0,3.99,21.0,1559426286134
0.0,0.0,3.99,21.0,1559426286135
0.0,0.0,3.99,21.0,1559426286222
0.0,0.0,3.99,21.0,1559426286324
0.0,0.0,3.99,21.0,1559426286425
35.162479400634766,139.61557006835938,3.99,21.0,1559426286426
0.0,0.0,3.99,21.0,1559426286526
0.0,0.0,3.99,21.0,1559426286628
0.0,0.0,3.99,21.0,1559426286731
0.0,0.0,3.99,21.0,1559426286850
0.0,0.0,3.99,21.0,1559426286931
0.0,0.0,3.99,21.0,1559426287033
0.0,0.0,3.99,21.0,1559426287158
0.0,0.0,3.99,21.0,1559426287235
0.0,0.0,3.99,21.0,1559426287337
0.0,0.0,4.02,21.0,1559426287438
0.0,0.0,3.99,21.0,1559426287540
0.0,0.0,3.99,21.0,1559426287641
0.0,0.0,3.99,21.0,1559426287744
0.0,0.0,3.99,21.0,1559426287875
0.0,0.0,3.99,21.0,1559426287945
0.0,0.0,3.99,21.0,1559426288046
0.0,0.0,3.99,21.0,1559426288182
0.0,0.0,3.99,21.0,1559426288248
0.0,0.0,3.99,21.0,1559426288350
0.0,0.0,3.99,21.0,1559426288489
0.0,0.0,3.99,21.0,1559426288609
0.0,0.0,3.99,21.0,1559426288655
0.0,0.0,3.99,21.0,1559426288796
0.0,0.0,3.99,21.0,1559426288857
0.0,0.0,3.99,21.0,1559426288958
0.0,0.0,3.99,21.0,1559426289490
0.0,0.0,3.99,21.0,1559426289491
0.0,0.0,3.99,21.0,1559426289491
0.0,0.0,3.99,21.0,1559426289493
0.0,0.0,3.99,21.0,1559426289496
0.0,0.0,3.99,21.0,1559426289566
0.0,0.0,3.99,21.0,1559426289667
0.0,0.0,3.99,21.0,1559426289770
0.0,0.0,3.99,21.0,1559426290025
35.162471771240234,139.6155548095703,3.99,21.0,1559426290025
0.0,0.0,3.99,21.0,1559426290072
0.0,0.0,3.99,21.0,1559426290173
0.0,0.0,3.99,21.0,1559426290332
0.0,0.0,3.99,21.0,1559426290376
0.0,0.0,3.99,21.0,1559426290479
0.0,0.0,3.99,21.0,1559426290639
0.0,0.0,3.99,21.0,1559426290680
0.0,0.0,3.99,21.0,1559426290783
0.0,0.0,3.99,21.0,1559426290946
0.0,0.0,3.99,21.0,1559426290984
0.0,0.0,3.99,21.0,1559426291085
0.0,0.0,3.99,21.0,1559426291253
0.0,0.0,3.99,21.0,1559426291288
0.0,0.0,3.99,21.0,1559426291389
0.0,0.0,3.99,21.0,1559426291490
0.0,0.0,3.99,21.0,1559426291592
0.0,0.0,3.99,21.0,1559426291766
0.0,0.0,3.99,21.0,1559426291796
0.0,0.0,3.99,21.0,1559426291896
0.0,0.0,3.99,21.0,1559426292079
0.0,0.0,3.99,21.0,1559426292098
0.0,0.0,3.99,21.0,1559426292200
0.0,0.0,3.99,21.0,1559426292382
0.0,0.0,3.99,21.0,1559426292402
0.0,0.0,3.99,21.0,1559426292505
0.0,0.0,3.99,21.0,1559426292605
0.0,0.0,3.99,21.0,1559426292706
0.0,0.0,3.99,21.0,1559426292892
0.0,0.0,3.99,21.0,1559426292909
0.0,0.0,3.99,21.0,1559426293010
0.0,0.0,3.99,21.0,1559426293199
0.0,0.0,3.99,21.0,1559426293213
0.0,0.0,3.99,21.0,1559426293314
0.0,0.0,3.99,21.0,1559426293515
0.0,0.0,3.99,21.0,1559426293518
0.0,0.0,3.99,21.0,1559426293618
0.0,0.0,3.99,21.0,1559426293814
0.0,0.0,3.99,21.0,1559426293822
0.0,0.0,3.99,21.0,1559426293921
0.0,0.0,3.99,21.0,1559426294489
0.0,0.0,3.99,21.0,1559426294490
0.0,0.0,3.97,21.0,1559426294491
0.0,0.0,3.97,21.0,1559426294493
0.0,0.0,3.97,21.0,1559426294496
0.0,0.0,3.97,21.0,1559426294529
35.1624755859375,139.61557006835938,3.97,21.0,1559426294531
0.0,0.0,3.97,21.0,1559426294631
0.0,0.0,3.97,21.0,1559426294732
0.0,0.0,3.97,21.0,1559426294836
0.0,0.0,3.97,21.0,1559426294939
0.0,0.0,3.97,21.0,1559426295036
0.0,0.0,3.97,21.0,1559426295137
0.0,0.0,3.97,21.0,1559426295247
0.0,0.0,3.97,21.0,1559426295340
0.0,0.0,3.97,21.0,1559426295441
0.0,0.0,3.97,21.0,1559426295555
0.0,0.0,3.97,21.0,1559426295644
0.0,0.0,3.97,21.0,1559426295745
0.0,0.0,3.97,21.0,1559426295861
0.0,0.0,3.97,21.0,1559426295948
0.0,0.0,3.97,21.0,1559426296049
0.0,0.0,3.97,21.0,1559426296169
0.0,0.0,3.97,21.0,1559426296252
0.0,0.0,3.97,21.0,1559426296353
0.0,0.0,3.97,21.0,1559426296456
0.0,0.0,3.97,21.0,1559426296555
0.0,0.0,3.97,21.0,1559426296657
0.0,0.0,3.97,21.0,1559426296758
0.0,0.0,3.99,21.0,1559426296886
35.162479400634766,139.61557006835938,3.99,21.0,1559426296887
0.0,0.0,3.99,21.0,1559426296961
0.0,0.0,3.99,21.0,1559426297062
0.0,0.0,3.99,21.0,1559426297193
0.0,0.0,3.99,21.0,1559426297265
0.0,0.0,3.99,21.0,1559426297366
0.0,0.0,3.99,21.0,1559426297467
0.0,0.0,3.99,21.0,1559426297569
0.0,0.0,3.99,21.0,1559426297670
0.0,0.0,3.99,21.0,1559426297771
0.0,0.0,3.99,21.0,1559426297909
0.0,0.0,3.99,21.0,1559426297974
0.0,0.0,3.99,21.0,1559426298075
0.0,0.0,3.99,21.0,1559426298217
0.0,0.0,3.99,21.0,1559426298278
0.0,0.0,3.99,21.0,1559426298381
0.0,0.0,3.99,21.0,1559426298525
0.0,0.0,3.99,21.0,1559426298582
0.0,0.0,3.99,21.0,1559426298785
0.0,0.0,3.99,21.0,1559426298785
0.0,0.0,3.99,21.0,1559426298888
0.0,0.0,3.99,21.0,1559426299629
35.16246795654297,139.6155548095703,3.99,21.0,1559426299637
0.0,0.0,3.99,21.0,1559426299643
0.0,0.0,3.99,21.0,1559426299644
0.0,0.0,3.99,21.0,1559426299644
0.0,0.0,3.97,21.0,1559426299644
0.0,0.0,3.97,21.0,1559426299646
0.0,0.0,3.97,21.0,1559426299647
0.0,0.0,3.97,21.0,1559426299696
0.0,0.0,3.97,21.0,1559426299918
0.0,0.0,3.97,21.0,1559426299919
0.0,0.0,3.97,21.0,1559426300000
0.0,0.0,3.97,21.0,1559426300214
0.0,0.0,3.97,21.0,1559426300215
0.0,0.0,3.97,21.0,1559426300304
0.0,0.0,3.97,21.0,1559426300523
0.0,0.0,3.97,21.0,1559426300524
0.0,0.0,3.97,21.0,1559426300608
0.0,0.0,3.97,21.0,1559426300825
0.0,0.0,3.97,21.0,1559426300825
0.0,0.0,3.97,21.0,1559426300914
0.0,0.0,3.97,21.0,1559426301131
0.0,0.0,3.97,21.0,1559426301132
0.0,0.0,3.99,21.0,1559426301216
0.0,0.0,3.99,21.0,1559426301433
0.0,0.0,3.99,21.0,1559426301433
0.0,0.0,3.99,21.0,1559426301520
0.0,0.0,3.99,21.0,1559426301743
0.0,0.0,3.97,21.0,1559426301744
0.0,0.0,3.97,21.0,1559426301824
0.0,0.0,3.97,21.0,1559426301927
35.1624641418457,139.6155548095703,3.97,21.0,1559426301927
0.0,0.0,3.97,21.0,1559426302026
0.0,0.0,3.97,21.0,1559426302210
0.0,0.0,3.97,21.0,1559426302232
0.0,0.0,3.97,21.0,1559426302330
0.0,0.0,3.97,21.0,1559426302435
0.0,0.0,3.97,21.0,1559426302533
0.0,0.0,3.97,21.0,1559426302634
0.0,0.0,3.97,21.0,1559426302735
0.0,0.0,3.97,21.0,1559426302837
0.0,0.0,3.97,21.0,1559426303030
0.0,0.0,3.97,21.0,1559426303040
0.0,0.0,3.97,21.0,1559426303140
0.0,0.0,3.97,21.0,1559426303337
0.0,0.0,3.97,21.0,1559426303343
0.0,0.0,3.97,21.0,1559426303444
0.0,0.0,3.97,21.0,1559426303644
0.0,0.0,3.97,21.0,1559426303659
0.0,0.0,3.97,21.0,1559426303748
0.0,0.0,3.97,21.0,1559426304489
0.0,0.0,3.97,21.0,1559426304490
0.0,0.0,3.97,21.0,1559426304490
0.0,0.0,3.97,21.0,1559426304491
0.0,0.0,3.97,21.0,1559426304492
0.0,0.0,3.97,21.0,1559426304492
0.0,0.0,3.97,21.0,1559426304493
0.0,0.0,3.97,21.0,1559426304560
0.0,0.0,3.97,21.0,1559426304660
0.0,0.0,3.97,21.0,1559426304761
0.0,0.0,3.97,21.0,1559426304863
0.0,0.0,3.97,21.0,1559426304975
0.0,0.0,3.97,21.0,1559426305066
0.0,0.0,3.97,21.0,1559426305167
0.0,0.0,3.97,21.0,1559426305282
0.0,0.0,3.97,21.0,1559426305369
0.0,0.0,3.97,21.0,1559426305471
0.0,0.0,3.97,21.0,1559426305589
35.1624641418457,139.6155548095703,3.97,21.0,1559426305590
0.0,0.0,3.97,21.0,1559426305673
0.0,0.0,3.97,21.0,1559426305775
0.0,0.0,3.97,21.0,1559426305897
0.0,0.0,3.97,21.0,1559426305982
0.0,0.0,3.97,21.0,1559426306079
0.0,0.0,3.97,21.0,1559426306204
0.0,0.0,3.97,21.0,1559426306281
0.0,0.0,3.97,21.0,1559426306382
0.0,0.0,3.97,21.0,1559426306534
0.0,0.0,3.97,21.0,1559426306586
0.0,0.0,3.97,21.0,1559426306686
0.0,0.0,3.97,21.0,1559426306788
0.0,0.0,3.97,21.0,1559426306889
0.0,0.0,3.97,21.0,1559426307022
0.0,0.0,3.97,21.0,1559426307091
0.0,0.0,3.97,21.0,1559426307193
0.0,0.0,3.97,21.0,1559426307330
0.0,0.0,3.97,21.0,1559426307395
0.0,0.0,3.97,21.0,1559426307497
0.0,0.0,3.97,21.0,1559426307598
0.0,0.0,3.97,21.0,1559426307701
0.0,0.0,3.97,21.0,1559426307809
0.0,0.0,3.97,21.0,1559426307902
0.0,0.0,3.97,21.0,1559426308047
0.0,0.0,3.97,21.0,1559426308105
0.0,0.0,3.97,21.0,1559426308206
0.0,0.0,3.97,21.0,1559426308354
0.0,0.0,3.97,21.0,1559426308409
0.0,0.0,3.97,21.0,1559426308510
0.0,0.0,3.97,21.0,1559426308662
0.0,0.0,3.97,21.0,1559426308713
0.0,0.0,3.97,21.0,1559426308814
0.0,0.0,3.97,21.0,1559426308967
0.0,0.0,3.94,21.0,1559426309089
0.0,0.0,3.94,21.0,1559426309118
0.0,0.0,3.94,21.0,1559426309276
0.0,0.0,3.94,21.0,1559426309320
0.0,0.0,3.94,21.0,1559426309422
0.0,0.0,3.94,21.0,1559426309584
0.0,0.0,3.94,21.0,1559426309626
0.0,0.0,3.94,21.0,1559426309726
0.0,0.0,3.94,21.0,1559426310300
0.0,0.0,3.94,21.0,1559426310301
35.1624641418457,139.6155548095703,3.94,21.0,1559426310301
0.0,0.0,3.94,21.0,1559426310302
0.0,0.0,3.94,21.0,1559426310303
0.0,0.0,3.94,21.0,1559426310303
0.0,0.0,3.94,21.0,1559426310333
0.0,0.0,3.94,21.0,1559426310435
0.0,0.0,3.94,21.0,1559426310536
0.0,0.0,3.94,21.0,1559426310637
0.0,0.0,3.94,21.0,1559426310812
0.0,0.0,3.94,21.0,1559426310840
0.0,0.0,3.94,21.0,1559426310941
0.0,0.0,3.94,21.0,1559426311119
0.0,0.0,3.94,21.0,1559426311145
0.0,0.0,3.94,21.0,1559426311245
0.0,0.0,3.94,21.0,1559426311426
0.0,0.0,3.94,21.0,1559426311448
0.0,0.0,3.94,21.0,1559426311549
0.0,0.0,3.94,21.0,1559426311650
0.0,0.0,3.94,21.0,1559426311752
0.0,0.0,3.94,21.0,1559426311938
0.0,0.0,3.94,21.0,1559426311954
0.0,0.0,3.94,21.0,1559426312058
0.0,0.0,3.94,21.0,1559426312246
0.0,0.0,3.94,21.0,1559426312260
0.0,0.0,3.94,21.0,1559426312359
0.0,0.0,3.94,21.0,1559426312553
0.0,0.0,3.94,21.0,1559426312563
0.0,0.0,3.94,21.0,1559426312663
0.0,0.0,3.94,21.0,1559426312765
0.0,0.0,3.94,21.0,1559426312867
0.0,0.0,3.94,21.0,1559426313064
0.0,0.0,3.94,21.0,1559426313071
0.0,0.0,3.94,21.0,1559426313170
0.0,0.0,3.94,21.0,1559426313380
0.0,0.0,3.94,21.0,1559426313380
0.0,0.0,3.94,21.0,1559426313474
0.0,0.0,3.94,21.0,1559426313575
0.0,0.0,3.94,21.0,1559426313676
0.0,0.0,3.94,21.0,1559426313884
35.162471771240234,139.6155548095703,3.94,21.0,1559426313885
0.0,0.0,3.94,21.0,1559426313980
0.0,0.0,3.94,21.0,1559426314086
0.0,0.0,3.94,21.0,1559426314294
0.0,0.0,3.94,21.0,1559426314297
0.0,0.0,3.94,21.0,1559426314386
0.0,0.0,3.94,21.0,1559426314487
0.0,0.0,3.94,21.0,1559426315327
0.0,0.0,3.94,21.0,1559426315349
0.0,0.0,3.94,21.0,1559426315349
0.0,0.0,3.94,21.0,1559426315350
0.0,0.0,3.94,21.0,1559426315350
0.0,0.0,3.94,21.0,1559426315350
0.0,0.0,3.94,21.0,1559426315358
0.0,0.0,3.94,21.0,1559426315399
0.0,0.0,3.94,21.0,1559426315623
0.0,0.0,3.94,21.0,1559426315624
0.0,0.0,3.94,21.0,1559426315703
0.0,0.0,3.94,21.0,1559426315913
0.0,0.0,3.94,21.0,1559426315915
0.0,0.0,3.94,21.0,1559426316007
0.0,0.0,3.94,21.0,1559426316202
35.16246795654297,139.6155548095703,3.94,21.0,1559426316203
0.0,0.0,3.94,21.0,1559426316210
0.0,0.0,3.91,21.0,1559426316313
0.0,0.0,3.91,21.0,1559426316507
0.0,0.0,3.91,21.0,1559426316513
0.0,0.0,3.91,21.0,1559426316615
0.0,0.0,3.91,21.0,1559426316814
0.0,0.0,3.91,21.0,1559426316817
0.0,0.0,3.91,21.0,1559426316919
0.0,0.0,3.91,21.0,1559426317121
0.0,0.0,3.91,21.0,1559426317124
0.0,0.0,3.91,21.0,1559426317222
0.0,0.0,3.91,21.0,1559426317424
0.0,0.0,3.91,21.0,1559426317428
0.0,0.0,3.91,21.0,1559426317527
0.0,0.0,3.91,21.0,1559426317727
0.0,0.0,3.91,21.0,1559426317731
0.0,0.0,3.91,21.0,1559426317830
0.0,0.0,3.91,21.0,1559426317931
0.0,0.0,3.91,21.0,1559426318185
0.0,0.0,3.91,21.0,1559426318236
0.0,0.0,3.91,21.0,1559426318337
0.0,0.0,3.91,21.0,1559426318492
0.0,0.0,3.91,21.0,1559426318540
0.0,0.0,3.91,21.0,1559426318788
0.0,0.0,3.91,21.0,1559426318789
0.0,0.0,3.91,21.0,1559426318844
0.0,0.0,3.91,21.0,1559426319087
0.0,0.0,3.91,21.0,1559426319088
0.0,0.0,3.91,21.0,1559426319149
0.0,0.0,3.91,21.0,1559426319367
0.0,0.0,3.91,21.0,1559426319368
0.0,0.0,3.94,21.0,1559426319451
0.0,0.0,3.94,21.0,1559426319652
0.0,0.0,3.94,21.0,1559426319654
35.16246032714844,139.6155548095703,3.94,21.0,1559426319654
0.0,0.0,3.94,21.0,1559426320245
0.0,0.0,3.91,21.0,1559426320246
0.0,0.0,3.91,21.0,1559426320246
0.0,0.0,3.91,21.0,1559426320247
0.0,0.0,3.91,21.0,1559426320248
0.0,0.0,3.91,21.0,1559426320264
0.0,0.0,3.91,21.0,1559426320513
0.0,0.0,3.91,21.0,1559426320513
0.0,0.0,3.91,21.0,1559426320568
0.0,0.0,3.91,21.0,1559426320818
0.0,0.0,3.91,21.0,1559426320819
0.0,0.0,3.91,21.0,1559426320869
0.0,0.0,3.91,21.0,1559426321124
0.0,0.0,3.91,21.0,1559426321125
0.0,0.0,3.91,21.0,1559426321175
0.0,0.0,3.91,21.0,1559426321427
0.0,0.0,3.91,21.0,1559426321440
0.0,0.0,3.91,21.0,1559426321479
0.0,0.0,3.91,21.0,1559426321735
0.0,0.0,3.91,21.0,1559426321736
0.0,0.0,3.91,21.0,1559426321781
0.0,0.0,3.91,21.0,1559426321889
0.0,0.0,3.91,21.0,1559426321986
0.0,0.0,3.91,21.0,1559426322085
0.0,0.0,3.91,21.0,1559426322188
0.0,0.0,3.91,21.0,1559426322383
0.0,0.0,3.91,21.0,1559426322390
0.0,0.0,3.91,21.0,1559426322490
0.0,0.0,3.91,21.0,1559426322618
0.0,0.0,3.91,21.0,1559426322693
0.0,0.0,3.91,21.0,1559426322794
0.0,0.0,3.91,21.0,1559426322896
0.0,0.0,3.91,21.0,1559426322997
0.0,0.0,3.91,21.0,1559426323202
0.0,0.0,3.91,21.0,1559426323203
0.0,0.0,3.94,21.0,1559426323301
0.0,0.0,3.94,21.0,1559426323404
0.0,0.0,3.94,21.0,1559426323514
0.0,0.0,3.94,21.0,1559426323605
0.0,0.0,3.94,21.0,1559426323706
0.0,0.0,3.94,21.0,1559426323807
0.0,0.0,3.94,21.0,1559426323909
0.0,0.0,3.94,21.0,1559426324021
0.0,0.0,3.94,21.0,1559426324111
0.0,0.0,3.94,21.0,1559426324215
35.16246032714844,139.6155548095703,3.94,21.0,1559426324216
0.0,0.0,3.91,21.0,1559426324328
0.0,0.0,3.91,21.0,1559426324415
0.0,0.0,3.91,21.0,1559426324517
0.0,0.0,3.91,21.0,1559426324636
0.0,0.0,3.91,21.0,1559426324719
0.0,0.0,3.91,21.0,1559426325249
0.0,0.0,3.91,21.0,1559426325250
0.0,0.0,3.91,21.0,1559426325250
0.0,0.0,3.91,21.0,1559426325250
0.0,0.0,3.91,21.0,1559426325251
0.0,0.0,3.91,21.0,1559426325327
0.0,0.0,3.91,21.0,1559426325428
0.0,0.0,3.91,21.0,1559426325530
0.0,0.0,3.91,21.0,1559426325631
0.0,0.0,3.91,21.0,1559426325762
0.0,0.0,3.91,21.0,1559426325834
0.0,0.0,3.91,21.0,1559426325935
0.0,0.0,3.91,21.0,1559426326074
0.0,0.0,3.91,21.0,1559426326137
0.0,0.0,3.91,21.0,1559426326241
0.0,0.0,3.91,21.0,1559426326377
0.0,0.0,3.91,21.0,1559426326441
0.0,0.0,3.91,21.0,1559426326543
35.16246032714844,139.6155548095703,3.91,21.0,1559426326544
0.0,0.0,3.91,21.0,1559426326684
0.0,0.0,3.91,21.0,1559426326745
0.0,0.0,3.91,21.0,1559426326847
0.0,0.0,3.88,21.0,1559426326948
0.0,0.0,3.88,21.0,1559426327051
0.0,0.0,3.88,21.0,1559426327196
0.0,0.0,3.88,21.0,1559426327254
0.0,0.0,3.88,21.0,1559426327353
0.0,0.0,3.91,21.0,1559426327503
0.0,0.0,3.91,21.0,1559426327556
0.0,0.0,3.91,21.0,1559426327658
0.0,0.0,3.91,21.0,1559426327810
0.0,0.0,3.91,21.0,1559426327860
0.0,0.0,3.91,21.0,1559426327961
0.0,0.0,3.91,21.0,1559426328062
0.0,0.0,3.91,21.0,1559426328164
0.0,0.0,3.91,21.0,1559426328322
0.0,0.0,3.91,21.0,1559426328367
0.0,0.0,3.91,21.0,1559426328468
0.0,0.0,3.91,21.0,1559426328629
0.0,0.0,3.91,21.0,1559426328670
0.0,0.0,3.91,21.0,1559426328772
0.0,0.0,3.91,21.0,1559426328873
0.0,0.0,3.91,21.0,1559426328975
0.0,0.0,3.91,21.0,1559426329076
0.0,0.0,3.91,21.0,1559426329177
0.0,0.0,3.91,21.0,1559426329348
0.0,0.0,3.91,21.0,1559426329384
0.0,0.0,3.91,21.0,1559426329481
0.0,0.0,3.91,21.0,1559426329653
0.0,0.0,3.91,21.0,1559426329683
0.0,0.0,3.91,21.0,1559426330268
0.0,0.0,3.88,21.0,1559426330269
0.0,0.0,3.88,21.0,1559426330270
35.16246032714844,139.6155548095703,3.88,21.0,1559426330270
0.0,0.0,3.88,21.0,1559426330279
0.0,0.0,3.88,21.0,1559426330279
0.0,0.0,3.88,21.0,1559426330293
0.0,0.0,3.88,21.0,1559426330392
0.0,0.0,3.88,21.0,1559426330494
0.0,0.0,3.88,21.0,1559426330595
0.0,0.0,3.88,21.0,1559426330780
0.0,0.0,3.91,21.0,1559426330798
0.0,0.0,3.91,21.0,1559426330899
0.0,0.0,3.91,21.0,1559426331000
0.0,0.0,3.91,21.0,1559426331101
0.0,0.0,3.88,21.0,1559426331292
0.0,0.0,3.88,21.0,1559426331307
0.0,0.0,3.88,21.0,1559426331405
0.0,0.0,3.88,21.0,1559426331599
0.0,0.0,3.88,21.0,1559426331611
0.0,0.0,3.88,21.0,1559426331709
0.0,0.0,3.88,21.0,1559426331824
0.0,0.0,3.88,21.0,1559426331912
0.0,0.0,3.88,21.0,1559426332014
0.0,0.0,3.88,21.0,1559426332117
0.0,0.0,3.88,21.0,1559426332217
0.0,0.0,3.88,21.0,1559426332418
0.0,0.0,3.88,21.0,1559426332429
0.0,0.0,3.88,21.0,1559426332520
0.0,0.0,3.88,21.0,1559426332725
0.0,0.0,3.88,21.0,1559426332726
0.0,0.0,3.88,21.0,1559426332824
0.0,0.0,3.88,21.0,1559426332927
0.0,0.0,3.88,21.0,1559426333026
0.0,0.0,3.88,21.0,1559426333128
0.0,0.0,3.88,21.0,1559426333237
0.0,0.0,3.88,21.0,1559426333332
0.0,0.0,3.88,21.0,1559426333432
0.0,0.0,3.88,21.0,1559426333544
0.0,0.0,3.88,21.0,1559426333635
0.0,0.0,3.88,21.0,1559426333736
0.0,0.0,3.88,21.0,1559426333852
0.0,0.0,3.88,21.0,1559426333938
0.0,0.0,3.88,21.0,1559426334040
0.0,0.0,3.88,21.0,1559426334141
0.0,0.0,3.86,21.0,1559426334242
0.0,0.0,3.86,21.0,1559426334364
0.0,0.0,3.86,21.0,1559426334445
0.0,0.0,3.86,21.0,1559426334546
0.0,0.0,3.86,21.0,1559426335286
0.0,0.0,3.86,21.0,1559426335287
0.0,0.0,3.86,21.0,1559426335287
0.0,0.0,3.86,21.0,1559426335287
0.0,0.0,3.86,21.0,1559426335288
0.0,0.0,3.86,21.0,1559426335288
0.0,0.0,3.86,21.0,1559426335288
0.0,0.0,3.86,21.0,1559426335359
0.0,0.0,3.86,21.0,1559426335458
0.0,0.0,3.86,21.0,1559426335559
0.0,0.0,3.86,21.0,1559426335660
0.0,0.0,3.86,21.0,1559426335797
0.0,0.0,3.86,21.0,1559426335863
0.0,0.0,3.86,21.0,1559426336066
0.0,0.0,3.86,21.0,1559426336167
0.0,0.0,3.86,21.0,1559426336309
35.16246032714844,139.6155548095703,3.86,21.0,1559426336312
0.0,0.0,3.86,21.0,1559426336372
0.0,0.0,3.86,21.0,1559426336471
0.0,0.0,3.86,21.0,1559426336617
0.0,0.0,3.86,21.0,1559426336674
0.0,0.0,3.86,21.0,1559426336775
0.0,0.0,3.86,21.0,1559426336876
0.0,0.0,3.86,21.0,1559426336979
0.0,0.0,3.86,21.0,1559426337079
0.0,0.0,3.86,21.0,1559426337180
0.0,0.0,3.86,21.0,1559426337333
0.0,0.0,3.86,21.0,1559426337385
0.0,0.0,3.86,21.0,1559426337484
0.0,0.0,3.86,21.0,1559426337585
0.0,0.0,3.86,21.0,1559426337687
0.0,0.0,3.83,21.0,1559426337845
0.0,0.0,3.83,21.0,1559426337889
0.0,0.0,3.83,21.0,1559426337991
0.0,0.0,3.83,21.0,1559426338092
0.0,0.0,3.83,21.0,1559426338193
0.0,0.0,3.83,21.0,1559426338357
0.0,0.0,3.83,21.0,1559426338401
0.0,0.0,3.83,21.0,1559426338499
0.0,0.0,3.83,21.0,1559426338629
0.0,0.0,3.83,21.0,1559426338788
0.0,0.0,3.83,21.0,1559426338801
0.0,0.0,3.83,21.0,1559426338902
0.0,0.0,3.83,21.0,1559426339080
0.0,0.0,3.83,21.0,1559426339105
0.0,0.0,3.83,21.0,1559426339382
0.0,0.0,3.83,21.0,1559426339383
0.0,0.0,3.83,21.0,1559426339414
0.0,0.0,3.83,21.0,1559426339683
0.0,0.0,3.83,21.0,1559426339692
0.0,0.0,3.83,21.0,1559426339713
0.0,0.0,3.83,21.0,1559426339973
0.0,0.0,3.83,21.0,1559426339974
0.0,0.0,3.83,21.0,1559426340017
0.0,0.0,3.83,21.0,1559426340639
0.0,0.0,3.83,21.0,1559426340640
0.0,0.0,3.83,21.0,1559426340642
0.0,0.0,3.83,21.0,1559426340643
0.0,0.0,3.83,21.0,1559426340643
0.0,0.0,3.83,21.0,1559426340645
0.0,0.0,3.83,21.0,1559426340865
0.0,0.0,3.83,21.0,1559426340866
0.0,0.0,3.83,21.0,1559426340929
0.0,0.0,3.83,21.0,1559426341173
0.0,0.0,3.83,21.0,1559426341174
0.0,0.0,3.83,21.0,1559426341233
0.0,0.0,3.83,21.0,1559426341478
0.0,0.0,3.83,21.0,1559426341479
0.0,0.0,3.83,21.0,1559426341536
0.0,0.0,3.83,21.0,1559426341785
0.0,0.0,3.83,21.0,1559426341785
0.0,0.0,3.83,21.0,1559426341840
0.0,0.0,3.83,21.0,1559426341942
0.0,0.0,3.83,21.0,1559426342043
0.0,0.0,3.83,21.0,1559426342249
0.0,0.0,3.83,21.0,1559426342249
0.0,0.0,3.83,21.0,1559426342557
0.0,0.0,3.83,21.0,1559426342651
0.0,0.0,3.83,21.0,1559426342753
0.0,0.0,3.83,21.0,1559426342863
0.0,0.0,3.83,21.0,1559426342955
0.0,0.0,3.83,21.0,1559426343056
0.0,0.0,3.83,21.0,1559426343157
0.0,0.0,3.83,21.0,1559426343258
0.0,0.0,3.83,21.0,1559426343375
0.0,0.0,3.83,21.0,1559426343463
0.0,0.0,3.83,21.0,1559426343563
35.16246032714844,139.6155548095703,3.83,21.0,1559426343566
0.0,0.0,3.83,21.0,1559426343682
0.0,0.0,3.83,21.0,1559426343765
0.0,0.0,3.83,21.0,1559426343866
0.0,0.0,3.83,21.0,1559426343968
0.0,0.0,3.83,21.0,1559426344069
0.0,0.0,3.83,21.0,1559426344170
0.0,0.0,3.83,21.0,1559426344272
0.0,0.0,3.83,21.0,1559426344399
0.0,0.0,3.83,21.0,1559426344476
0.0,0.0,3.83,21.0,1559426344576
0.0,0.0,3.83,21.0,1559426344706
0.0,0.0,3.83,21.0,1559426344778
0.0,0.0,3.83,21.0,1559426344879
0.0,0.0,3.8,21.0,1559426345013
0.0,0.0,3.8,21.0,1559426345082
0.0,0.0,3.8,21.0,1559426345731
0.0,0.0,3.8,21.0,1559426345735
0.0,0.0,3.8,21.0,1559426345736
0.0,0.0,3.8,21.0,1559426345736
0.0,0.0,3.8,21.0,1559426345737
0.0,0.0,3.8,21.0,1559426345737
0.0,0.0,3.8,21.0,1559426345792
0.0,0.0,3.8,21.0,1559426345892
0.0,0.0,3.8,21.0,1559426345996
0.0,0.0,3.8,21.0,1559426346096
0.0,0.0,3.8,21.0,1559426346208
0.0,0.0,3.8,21.0,1559426346298
0.0,0.0,3.8,21.0,1559426346447
0.0,0.0,3.8,21.0,1559426346502
0.0,0.0,3.8,21.0,1559426346602
0.0,0.0,3.8,21.0,1559426346755
0.0,0.0,3.8,21.0,1559426346804
0.0,0.0,3.8,21.0,1559426346906
0.0,0.0,3.8,21.0,1559426347007
0.0,0.0,3.8,21.0,1559426347108
0.0,0.0,3.8,21.0,1559426347266
0.0,0.0,3.8,21.0,1559426347311
0.0,0.0,3.8,21.0,1559426347412
0.0,0.0,3.8,21.0,1559426347919
0.0,0.0,3.8,21.0,1559426348020
0.0,0.0,3.8,21.0,1559426348121
0.0,0.0,3.8,21.0,1559426348223
0.0,0.0,3.8,21.0,1559426348392
0.0,0.0,3.8,21.0,1559426348425
0.0,0.0,3.8,21.0,1559426348530
0.0,0.0,3.8,21.0,1559426348700
0.0,0.0,3.8,21.0,1559426348729
0.0,0.0,3.8,21.0,1559426348830
0.0,0.0,3.77,21.0,1559426348932
0.0,0.0,3.77,21.0,1559426349033
0.0,0.0,3.77,21.0,1559426349133
0.0,0.0,3.77,21.0,1559426349234
0.0,0.0,3.77,21.0,1559426349416
0.0,0.0,3.77,21.0,1559426349439
0.0,0.0,3.77,21.0,1559426349540
0.0,0.0,3.77,21.0,1559426349722
0.0,0.0,3.77,21.0,1559426349745
0.0,0.0,3.77,21.0,1559426349842
0.0,0.0,3.77,21.0,1559426350134
0.0,0.0,3.77,21.0,1559426350134
0.0,0.0,3.77,21.0,1559426350644
0.0,0.0,3.77,21.0,1559426350645
0.0,0.0,3.77,21.0,1559426350645
0.0,0.0,3.77,21.0,1559426350645
0.0,0.0,3.77,21.0,1559426350646
0.0,0.0,3.77,21.0,1559426350653
0.0,0.0,3.77,21.0,1559426350754
0.0,0.0,3.77,21.0,1559426350855
0.0,0.0,3.77,21.0,1559426350957
0.0,0.0,3.77,21.0,1559426351058
0.0,0.0,3.77,21.0,1559426351159
0.0,0.0,3.77,21.0,1559426351362
0.0,0.0,3.75,21.0,1559426351363
0.0,0.0,3.75,21.0,1559426351463
0.0,0.0,3.75,21.0,1559426351669
0.0,0.0,3.75,21.0,1559426351670
0.0,0.0,3.75,21.0,1559426351768
0.0,0.0,3.75,21.0,1559426351869
0.0,0.0,3.75,21.0,1559426351970
0.0,0.0,3.75,21.0,1559426352071
0.0,0.0,3.75,21.0,1559426352172
0.0,0.0,3.75,21.0,1559426352273
0.0,0.0,3.75,21.0,1559426352386
0.0,0.0,3.75,21.0,1559426352476
0.0,0.0,3.75,21.0,1559426352579
0.0,0.0,3.75,21.0,1559426352693
0.0,0.0,3.75,21.0,1559426352780
0.0,0.0,3.75,21.0,1559426352881
0.0,0.0,3.75,21.0,1559426352983
0.0,0.0,3.75,21.0,1559426353084
0.0,0.0,3.75,21.0,1559426353185
0.0,0.0,3.75,21.0,1559426353287
0.0,0.0,3.75,21.0,1559426353410
0.0,0.0,3.75,21.0,1559426353489
0.0,0.0,3.75,21.0,1559426353593
0.0,0.0,3.75,21.0,1559426353717
0.0,0.0,3.75,21.0,1559426353793
0.0,0.0,3.75,21.0,1559426353895
0.0,0.0,3.75,21.0,1559426353996
0.0,0.0,3.75,21.0,1559426354097
0.0,0.0,3.75,21.0,1559426354199
0.0,0.0,3.75,21.0,1559426354300
0.0,0.0,3.75,21.0,1559426354434
0.0,0.0,3.75,21.0,1559426354502
0.0,0.0,3.75,21.0,1559426354606
0.0,0.0,3.75,21.0,1559426354741
0.0,0.0,3.75,21.0,1559426354806
0.0,0.0,3.75,21.0,1559426354908
0.0,0.0,3.75,21.0,1559426355048
0.0,0.0,3.75,21.0,1559426355110
0.0,0.0,3.75,21.0,1559426355766
0.0,0.0,3.75,21.0,1559426355767
0.0,0.0,3.75,21.0,1559426355767
0.0,0.0,3.75,21.0,1559426355767
0.0,0.0,3.75,21.0,1559426355767
0.0,0.0,3.75,21.0,1559426355767
0.0,0.0,3.75,21.0,1559426355819
0.0,0.0,3.75,21.0,1559426355921
0.0,0.0,3.75,21.0,1559426356022
0.0,0.0,3.75,21.0,1559426356123
0.0,0.0,3.75,21.0,1559426356225
0.0,0.0,3.75,21.0,1559426356326
0.0,0.0,3.75,21.0,1559426356482
0.0,0.0,3.75,21.0,1559426356529
0.0,0.0,3.75,21.0,1559426356632
0.0,0.0,3.75,21.0,1559426356789
0.0,0.0,3.75,21.0,1559426356833
0.0,0.0,3.75,21.0,1559426356934
0.0,0.0,3.75,21.0,1559426357035
0.0,0.0,3.75,21.0,1559426357136
0.0,0.0,3.75,21.0,1559426357301
0.0,0.0,3.72,21.0,1559426357339
0.0,0.0,3.72,21.0,1559426357440
0.0,0.0,3.72,21.0,1559426357608
0.0,0.0,3.72,21.0,1559426357645
0.0,0.0,3.72,21.0,1559426357744
0.0,0.0,3.72,21.0,1559426357914
0.0,0.0,3.72,21.0,1559426357950
0.0,0.0,3.72,21.0,1559426358048
0.0,0.0,3.72,21.0,1559426358149
0.0,0.0,3.72,21.0,1559426358251
0.0,0.0,3.72,21.0,1559426358428
35.16246032714844,139.6155548095703,3.72,21.0,1559426358428
0.0,0.0,3.72,21.0,1559426358455
0.0,0.0,3.72,21.0,1559426358555
0.0,0.0,3.72,21.0,1559426358806
0.0,0.0,3.72,21.0,1559426358807
0.0,0.0,3.69,21.0,1559426358859
0.0,0.0,3.69,21.0,1559426359097
0.0,0.0,3.69,21.0,1559426359097
0.0,0.0,3.69,21.0,1559426359162
0.0,0.0,3.69,21.0,1559426359388
0.0,0.0,3.69,21.0,1559426359389
0.0,0.0,3.69,21.0,1559426359466
0.0,0.0,3.69,21.0,1559426359695
0.0,0.0,3.69,21.0,1559426359696
0.0,0.0,3.69,21.0,1559426359770
0.0,0.0,3.69,21.0,1559426359983
0.0,0.0,3.69,21.0,1559426359984
0.0,0.0,3.69,21.0,1559426360074
0.0,0.0,3.69,21.0,1559426360290
0.0,0.0,3.69,21.0,1559426360291
0.0,0.0,3.69,21.0,1559426360378
0.0,0.0,3.72,21.0,1559426360588
0.0,0.0,3.72,21.0,1559426360589
0.0,0.0,3.72,21.0,1559426360684
0.0,0.0,3.72,21.0,1559426361511
0.0,0.0,3.72,21.0,1559426361538
0.0,0.0,3.72,21.0,1559426361539
0.0,0.0,3.72,21.0,1559426361540
0.0,0.0,3.72,21.0,1559426361541
0.0,0.0,3.72,21.0,1559426361541
0.0,0.0,3.72,21.0,1559426361542
0.0,0.0,3.72,21.0,1559426361543
0.0,0.0,3.72,21.0,1559426361594
0.0,0.0,3.72,21.0,1559426361816
0.0,0.0,3.72,21.0,1559426361817
0.0,0.0,3.72,21.0,1559426361898
0.0,0.0,3.72,21.0,1559426361999
0.0,0.0,3.72,21.0,1559426362100
0.0,0.0,3.72,21.0,1559426362202
0.0,0.0,3.72,21.0,1559426362303
0.0,0.0,3.72,21.0,1559426362421
0.0,0.0,3.72,21.0,1559426362507
35.16246032714844,139.6155548095703,3.72,21.0,1559426362550
0.0,0.0,3.72,21.0,1559426362607
0.0,0.0,3.72,21.0,1559426362728
0.0,0.0,3.72,21.0,1559426362809
0.0,0.0,3.72,21.0,1559426362911
0.0,0.0,3.72,21.0,1559426363036
0.0,0.0,3.72,21.0,1559426363113
0.0,0.0,3.72,21.0,1559426363215
0.0,0.0,3.72,21.0,1559426363316
0.0,0.0,3.72,21.0,1559426363417
0.0,0.0,3.72,21.0,1559426363547
0.0,0.0,3.72,21.0,1559426363620
0.0,0.0,3.72,21.0,1559426363723
0.0,0.0,3.72,21.0,1559426363855
0.0,0.0,3.72,21.0,1559426363924
0.0,0.0,3.72,21.0,1559426364025
0.0,0.0,3.72,21.0,1559426364129
0.0,0.0,3.72,21.0,1559426364228
0.0,0.0,3.72,21.0,1559426364329
0.0,0.0,3.72,21.0,1559426364431
0.0,0.0,3.72,21.0,1559426364571
0.0,0.0,3.69,21.0,1559426364737
0.0,0.0,3.69,21.0,1559426364879
35.16246032714844,139.6155548095703,3.69,21.0,1559426364880
0.0,0.0,3.69,21.0,1559426364937
0.0,0.0,3.69,21.0,1559426365038
0.0,0.0,3.69,21.0,1559426365186
0.0,0.0,3.69,21.0,1559426365242
0.0,0.0,3.69,21.0,1559426365342
0.0,0.0,3.69,21.0,1559426365493
0.0,0.0,3.69,21.0,1559426365545
0.0,0.0,3.69,21.0,1559426365646
0.0,0.0,3.69,21.0,1559426365803
0.0,0.0,3.69,21.0,1559426365849
0.0,0.0,3.69,21.0,1559426366390
0.0,0.0,3.69,21.0,1559426366392
0.0,0.0,3.69,21.0,1559426366392
0.0,0.0,3.69,21.0,1559426366393
0.0,0.0,3.69,21.0,1559426366399
0.0,0.0,3.69,21.0,1559426366457
0.0,0.0,3.69,21.0,1559426366558
0.0,0.0,3.69,21.0,1559426366659
0.0,0.0,3.69,21.0,1559426366763
0.0,0.0,3.69,21.0,1559426366927
0.0,0.0,3.69,21.0,1559426366963
0.0,0.0,3.69,21.0,1559426367065
0.0,0.0,3.69,21.0,1559426367166
0.0,0.0,3.69,21.0,1559426367267
35.16246032714844,139.6155548095703,3.69,21.0,1559426367267
0.0,0.0,3.69,21.0,1559426367439
0.0,0.0,3.69,21.0,1559426367471
0.0,0.0,3.69,21.0,1559426367571
0.0,0.0,3.69,21.0,1559426367749
0.0,0.0,3.69,21.0,1559426367776
0.0,0.0,3.69,21.0,1559426367876
0.0,0.0,3.69,21.0,1559426368077
0.0,0.0,3.69,21.0,1559426368179
0.0,0.0,3.69,21.0,1559426368280
0.0,0.0,3.69,21.0,1559426368381
0.0,0.0,3.69,21.0,1559426368565
0.0,0.0,3.69,21.0,1559426368584
0.0,0.0,3.69,21.0,1559426368685
0.0,0.0,3.69,21.0,1559426368872
0.0,0.0,3.69,21.0,1559426368888
0.0,0.0,3.69,21.0,1559426368989
0.0,0.0,3.69,21.0,1559426369090
0.0,0.0,3.69,21.0,1559426369192
0.0,0.0,3.69,21.0,1559426369293
0.0,0.0,3.69,21.0,1559426369397
0.0,0.0,3.69,21.0,1559426369589
35.16246032714844,139.6155548095703,3.69,21.0,1559426369590
0.0,0.0,3.69,21.0,1559426369597
0.0,0.0,3.69,21.0,1559426369698
0.0,0.0,3.69,21.0,1559426369897
0.0,0.0,3.69,21.0,1559426369901
0.0,0.0,3.69,21.0,1559426370002
0.0,0.0,3.69,21.0,1559426370201
0.0,0.0,3.69,21.0,1559426370205
0.0,0.0,3.69,21.0,1559426370306
0.0,0.0,3.69,21.0,1559426370613
0.0,0.0,3.69,21.0,1559426370627
0.0,0.0,3.69,21.0,1559426370627
0.0,0.0,3.69,21.0,1559426370712
0.0,0.0,3.69,21.0,1559426370815
0.0,0.0,3.69,21.0,1559426371390
0.0,0.0,3.69,21.0,1559426371391
0.0,0.0,3.69,21.0,1559426371391
0.0,0.0,3.69,21.0,1559426371391
0.0,0.0,3.69,21.0,1559426371392
0.0,0.0,3.69,21.0,1559426371421
0.0,0.0,3.69,21.0,1559426371522
0.0,0.0,3.69,21.0,1559426371623
0.0,0.0,3.69,21.0,1559426371724
0.0,0.0,3.69,21.0,1559426371842
0.0,0.0,3.69,21.0,1559426371927
0.0,0.0,3.69,21.0,1559426372028
0.0,0.0,3.69,21.0,1559426372129
0.0,0.0,3.69,21.0,1559426372231
0.0,0.0,3.69,21.0,1559426372354
0.0,0.0,3.69,21.0,1559426372433
0.0,0.0,3.69,21.0,1559426372535
0.0,0.0,3.69,21.0,1559426372661
0.0,0.0,3.69,21.0,1559426372739
0.0,0.0,3.69,21.0,1559426372841
0.0,0.0,3.69,21.0,1559426372969
0.0,0.0,3.69,21.0,1559426373041
0.0,0.0,3.69,21.0,1559426373143
0.0,0.0,3.69,21.0,1559426373244
0.0,0.0,3.69,21.0,1559426373345
0.0,0.0,3.69,21.0,1559426373480
0.0,0.0,3.69,21.0,1559426373548
0.0,0.0,3.69,21.0,1559426373649
0.0,0.0,3.69,21.0,1559426373750
0.0,0.0,3.69,21.0,1559426373854
0.0,0.0,3.69,21.0,1559426374059
0.0,0.0,3.69,21.0,1559426374059
0.0,0.0,3.69,21.0,1559426374157
35.16246032714844,139.6155548095703,3.69,21.0,1559426374158
0.0,0.0,3.69,21.0,1559426374461
0.0,0.0,3.69,21.0,1559426374634
0.0,0.0,3.69,21.0,1559426374664
0.0,0.0,3.69,21.0,1559426374933
0.0,0.0,3.69,21.0,1559426374936
0.0,0.0,3.69,21.0,1559426374966
0.0,0.0,3.66,21.0,1559426375232
0.0,0.0,3.66,21.0,1559426375234
0.0,0.0,3.66,21.0,1559426375272
0.0,0.0,3.66,21.0,1559426375521
0.0,0.0,3.66,21.0,1559426375524
0.0,0.0,3.66,21.0,1559426375574
0.0,0.0,3.66,21.0,1559426375823
0.0,0.0,3.66,21.0,1559426375827
0.0,0.0,3.66,21.0,1559426376486
0.0,0.0,3.66,21.0,1559426376735
0.0,0.0,3.66,21.0,1559426376744
0.0,0.0,3.66,21.0,1559426376790
0.0,0.0,3.66,21.0,1559426377037
0.0,0.0,3.66,21.0,1559426377038
0.0,0.0,3.66,21.0,1559426377094
0.0,0.0,3.66,21.0,1559426377195
0.0,0.0,3.66,21.0,1559426377296
0.0,0.0,3.66,21.0,1559426377399
0.0,0.0,3.66,21.0,1559426377499
0.0,0.0,3.66,21.0,1559426377600
0.0,0.0,3.66,21.0,1559426377701
0.0,0.0,3.66,21.0,1559426377803
0.0,0.0,3.66,21.0,1559426377986
0.0,0.0,3.66,21.0,1559426378005
0.0,0.0,3.66,21.0,1559426378106
0.0,0.0,3.66,21.0,1559426378210
0.0,0.0,3.66,21.0,1559426378309
0.0,0.0,3.66,21.0,1559426378498
0.0,0.0,3.66,21.0,1559426378512
0.0,0.0,3.66,21.0,1559426378613
0.0,0.0,3.66,21.0,1559426378810
0.0,0.0,3.66,21.0,1559426378817
0.0,0.0,3.66,21.0,1559426378919
0.0,0.0,3.66,21.0,1559426379098
0.0,0.0,3.66,21.0,1559426379120
0.0,0.0,3.66,21.0,1559426379388
0.0,0.0,3.66,21.0,1559426379389
0.0,0.0,3.66,21.0,1559426379424
0.0,0.0,3.69,21.0,1559426379681
0.0,0.0,3.69,21.0,1559426379682
0.0,0.0,3.69,21.0,1559426379727
0.0,0.0,3.69,21.0,1559426379966
0.0,0.0,3.69,21.0,1559426379974
0.0,0.0,3.69,21.0,1559426380031
0.0,0.0,3.69,21.0,1559426380255
0.0,0.0,3.69,21.0,1559426380258
0.0,0.0,3.69,21.0,1559426380335
0.0,0.0,3.69,21.0,1559426380562
0.0,0.0,3.69,21.0,1559426380563
0.0,0.0,3.69,21.0,1559426380640
0.0,0.0,3.69,21.0,1559426380870
0.0,0.0,3.69,21.0,1559426380870
0.0,0.0,3.69,21.0,1559426381475
0.0,0.0,3.69,21.0,1559426381476
0.0,0.0,3.69,21.0,1559426381476
0.0,0.0,3.69,21.0,1559426381480
0.0,0.0,3.69,21.0,1559426381481
0.0,0.0,3.69,21.0,1559426381482
0.0,0.0,3.69,21.0,1559426381551
0.0,0.0,3.69,21.0,1559426381777
0.0,0.0,3.69,21.0,1559426381778
0.0,0.0,3.69,21.0,1559426381855
0.0,0.0,3.69,21.0,1559426381959
0.0,0.0,3.69,21.0,1559426382057
0.0,0.0,3.69,21.0,1559426382159
0.0,0.0,3.69,21.0,1559426382260
0.0,0.0,3.69,21.0,1559426382388
0.0,0.0,3.69,21.0,1559426382465
0.0,0.0,3.69,21.0,1559426382564
0.0,0.0,3.69,21.0,1559426382665
0.0,0.0,3.69,21.0,1559426382767
0.0,0.0,3.69,21.0,1559426382901
0.0,0.0,3.69,21.0,1559426382971
0.0,0.0,3.69,21.0,1559426383071
0.0,0.0,3.69,21.0,1559426383208
0.0,0.0,3.69,21.0,1559426383273
0.0,0.0,3.69,21.0,1559426383375
0.0,0.0,3.69,21.0,1559426383515
0.0,0.0,3.69,21.0,1559426383577
0.0,0.0,3.69,21.0,1559426383679
0.0,0.0,3.69,21.0,1559426383780
0.0,0.0,3.69,21.0,1559426383881
0.0,0.0,3.69,21.0,1559426384027
0.0,0.0,3.69,21.0,1559426384084
0.0,0.0,3.69,21.0,1559426384185
0.0,0.0,3.69,21.0,1559426384335
0.0,0.0,3.69,21.0,1559426384389
0.0,0.0,3.69,21.0,1559426384489
0.0,0.0,3.69,21.0,1559426384692
0.0,0.0,3.69,21.0,1559426384793
0.0,0.0,3.69,21.0,1559426384894
0.0,0.0,3.69,21.0,1559426385052
0.0,0.0,3.69,21.0,1559426385097
0.0,0.0,3.69,21.0,1559426385199
0.0,0.0,3.69,21.0,1559426385359
0.0,0.0,3.69,21.0,1559426385401
0.0,0.0,3.69,21.0,1559426385504
0.0,0.0,3.69,21.0,1559426385666
0.0,0.0,3.69,21.0,1559426385705
0.0,0.0,3.69,21.0,1559426385806
0.0,0.0,3.69,21.0,1559426385973
35.1624641418457,139.6155548095703,3.69,21.0,1559426385974
0.0,0.0,3.66,21.0,1559426386012
0.0,0.0,3.66,21.0,1559426386110
0.0,0.0,3.66,21.0,1559426386280
0.0,0.0,3.66,21.0,1559426386313
0.0,0.0,3.66,21.0,1559426386415
0.0,0.0,3.66,21.0,1559426386587
0.0,0.0,3.66,21.0,1559426386617
0.0,0.0,3.66,21.0,1559426386720
0.0,0.0,3.66,21.0,1559426386820
0.0,0.0,3.66,21.0,1559426386921
0.0,0.0,3.66,21.0,1559426387099
0.0,0.0,3.66,21.0,1559426387123
0.0,0.0,3.66,21.0,1559426387731
0.0,0.0,3.66,21.0,1559426387832
0.0,0.0,3.66,21.0,1559426387933
0.0,0.0,3.66,21.0,1559426388037
0.0,0.0,3.66,21.0,1559426388225
35.1624641418457,139.6155548095703,3.66,21.0,1559426388226
0.0,0.0,3.66,21.0,1559426388237
0.0,0.0,3.66,21.0,1559426388339
0.0,0.0,3.69,21.0,1559426388532
0.0,0.0,3.69,20.0,1559426388542
0.0,0.0,3.69,20.0,1559426388643
0.0,0.0,3.69,20.0,1559426388744
0.0,0.0,3.69,20.0,1559426388845
0.0,0.0,3.69,20.0,1559426389045
0.0,0.0,3.69,20.0,1559426389055
0.0,0.0,3.69,20.0,1559426389149
0.0,0.0,3.69,20.0,1559426389352
0.0,0.0,3.69,20.0,1559426389353
0.0,0.0,3.69,20.0,1559426389453
0.0,0.0,3.69,20.0,1559426389554
0.0,0.0,3.69,20.0,1559426389656
0.0,0.0,3.69,20.0,1559426389757
0.0,0.0,3.69,20.0,1559426389858
0.0,0.0,3.69,20.0,1559426389965
0.0,0.0,3.69,20.0,1559426390063
0.0,0.0,3.69,20.0,1559426390162
0.0,0.0,3.69,20.0,1559426390274
0.0,0.0,3.69,20.0,1559426390365
0.0,0.0,3.69,20.0,1559426390466
0.0,0.0,3.66,20.0,1559426390581
0.0,0.0,3.66,20.0,1559426390668
0.0,0.0,3.66,20.0,1559426390770
0.0,0.0,3.66,20.0,1559426391013
0.0,0.0,3.66,20.0,1559426391014
0.0,0.0,3.66,20.0,1559426391076
0.0,0.0,3.66,20.0,1559426391176
0.0,0.0,3.66,20.0,1559426391297
0.0,0.0,3.66,20.0,1559426391378
0.0,0.0,3.66,20.0,1559426391479
0.0,0.0,3.66,20.0,1559426391598
35.1624641418457,139.6155548095703,3.66,20.0,1559426391598
0.0,0.0,3.66,20.0,1559426391682
0.0,0.0,3.66,20.0,1559426391783
0.0,0.0,3.64,20.0,1559426392392
0.0,0.0,3.64,20.0,1559426392492
0.0,0.0,3.64,20.0,1559426392629
0.0,0.0,3.64,20.0,1559426392695
0.0,0.0,3.64,20.0,1559426392796
0.0,0.0,3.64,20.0,1559426392937
0.0,0.0,3.64,20.0,1559426393001
0.0,0.0,3.64,20.0,1559426393102
0.0,0.0,3.64,20.0,1559426393201
0.0,0.0,3.64,20.0,1559426393303
0.0,0.0,3.64,20.0,1559426393448
0.0,0.0,3.64,20.0,1559426393505
0.0,0.0,3.64,20.0,1559426393606
0.0,0.0,3.64,20.0,1559426393749
0.0,0.0,3.64,21.0,1559426393809
0.0,0.0,3.64,21.0,1559426393910
0.0,0.0,3.64,21.0,1559426394012
0.0,0.0,3.64,21.0,1559426394115
0.0,0.0,3.64,21.0,1559426394266
0.0,0.0,3.64,21.0,1559426394316
0.0,0.0,3.64,21.0,1559426394417
0.0,0.0,3.64,21.0,1559426394573
0.0,0.0,3.64,21.0,1559426394620
0.0,0.0,3.64,21.0,1559426394722
0.0,0.0,3.64,21.0,1559426394823
0.0,0.0,3.64,21.0,1559426394923
0.0,0.0,3.64,21.0,1559426395087
0.0,0.0,3.64,21.0,1559426395128
0.0,0.0,3.64,21.0,1559426395227
0.0,0.0,3.64,21.0,1559426395394
0.0,0.0,3.64,21.0,1559426395430
0.0,0.0,3.64,21.0,1559426395531
0.0,0.0,3.64,21.0,1559426395701
0.0,0.0,3.64,21.0,1559426395734
0.0,0.0,3.64,21.0,1559426395835
0.0,0.0,3.64,21.0,1559426396213
35.16246795654297,139.61557006835938,3.64,21.0,1559426396217
0.0,0.0,3.64,21.0,1559426396241
0.0,0.0,3.64,21.0,1559426396342
0.0,0.0,3.64,21.0,1559426396520
0.0,0.0,3.64,21.0,1559426396544
0.0,0.0,3.64,21.0,1559426396646
0.0,0.0,3.64,21.0,1559426396812
0.0,0.0,3.64,21.0,1559426396849
0.0,0.0,3.64,21.0,1559426396949
0.0,0.0,3.64,21.0,1559426397051
0.0,0.0,3.64,21.0,1559426397154
0.0,0.0,3.64,21.0,1559426397544
0.0,0.0,3.64,21.0,1559426397545
0.0,0.0,3.64,21.0,1559426397545
0.0,0.0,3.64,21.0,1559426397559
0.0,0.0,3.64,21.0,1559426397659
0.0,0.0,3.64,21.0,1559426397760
0.0,0.0,3.64,21.0,1559426397861
0.0,0.0,3.64,21.0,1559426398042
0.0,0.0,3.64,21.0,1559426398567
35.162479400634766,139.61558532714844,3.64,21.0,1559426398572
0.0,0.0,3.64,21.0,1559426398584
0.0,0.0,3.64,21.0,1559426398585
0.0,0.0,3.64,21.0,1559426398586
0.0,0.0,3.64,21.0,1559426398586
0.0,0.0,3.64,21.0,1559426398587
0.0,0.0,3.64,21.0,1559426398815
0.0,0.0,3.64,21.0,1559426398816
0.0,0.0,3.64,21.0,1559426398874
0.0,0.0,3.64,21.0,1559426399105
0.0,0.0,3.61,21.0,1559426399105
0.0,0.0,3.61,21.0,1559426399180
0.0,0.0,3.61,21.0,1559426399405
0.0,0.0,3.61,21.0,1559426399405
0.0,0.0,3.61,21.0,1559426399482
0.0,0.0,3.61,21.0,1559426399708
0.0,0.0,3.61,21.0,1559426399709
0.0,0.0,3.61,21.0,1559426399786
0.0,0.0,3.61,21.0,1559426399994
0.0,0.0,3.61,21.0,1559426399995
0.0,0.0,3.61,21.0,1559426400090
0.0,0.0,3.61,21.0,1559426400293
0.0,0.0,3.61,21.0,1559426400296
0.0,0.0,3.61,21.0,1559426400394
0.0,0.0,3.64,21.0,1559426400597
0.0,0.0,3.64,21.0,1559426400597
0.0,0.0,3.64,21.0,1559426400698
0.0,0.0,3.64,21.0,1559426400899
0.0,0.0,3.64,21.0,1559426400901
0.0,0.0,3.64,21.0,1559426401002
0.0,0.0,3.64,21.0,1559426401201
0.0,0.0,3.64,21.0,1559426401206
0.0,0.0,3.64,21.0,1559426401305
0.0,0.0,3.64,21.0,1559426401506
0.0,0.0,3.64,21.0,1559426401511
0.0,0.0,3.64,21.0,1559426401609
0.0,0.0,3.64,21.0,1559426401806
0.0,0.0,3.64,21.0,1559426401812
0.0,0.0,3.64,21.0,1559426401914
35.16246795654297,139.61557006835938,3.64,21.0,1559426401915
0.0,0.0,3.64,21.0,1559426402015
0.0,0.0,3.64,21.0,1559426402116
0.0,0.0,3.64,21.0,1559426402220
0.0,0.0,3.64,21.0,1559426402319
0.0,0.0,3.64,21.0,1559426402420
0.0,0.0,3.64,21.0,1559426402562
0.0,0.0,3.64,21.0,1559426402623
0.0,0.0,3.64,21.0,1559426402724
0.0,0.0,3.64,21.0,1559426402869
0.0,0.0,3.64,21.0,1559426402927
0.0,0.0,3.64,21.0,1559426403028
0.0,0.0,3.64,21.0,1559426403586
0.0,0.0,3.64,21.0,1559426403586
0.0,0.0,3.64,21.0,1559426403587
0.0,0.0,3.64,21.0,1559426403587
0.0,0.0,3.64,21.0,1559426403587
0.0,0.0,3.64,21.0,1559426403636
0.0,0.0,3.64,21.0,1559426403737
0.0,0.0,3.64,21.0,1559426403838
0.0,0.0,3.64,21.0,1559426403940
0.0,0.0,3.64,21.0,1559426404098
0.0,0.0,3.64,21.0,1559426404143
0.0,0.0,3.64,21.0,1559426404246
0.0,0.0,3.64,21.0,1559426404345
0.0,0.0,3.64,21.0,1559426404446
0.0,0.0,3.64,21.0,1559426404610
0.0,0.0,3.64,21.0,1559426404649
0.0,0.0,3.64,21.0,1559426404750
0.0,0.0,3.64,21.0,1559426404917
0.0,0.0,3.64,21.0,1559426404954
0.0,0.0,3.64,21.0,1559426405054
0.0,0.0,3.64,21.0,1559426405201
0.0,0.0,3.64,21.0,1559426405259
0.0,0.0,3.64,21.0,1559426405358
0.0,0.0,3.64,21.0,1559426405460
0.0,0.0,3.64,21.0,1559426405561
0.0,0.0,3.64,21.0,1559426405736
0.0,0.0,3.64,21.0,1559426405763
0.0,0.0,3.64,21.0,1559426405864
0.0,0.0,3.64,21.0,1559426406043
0.0,0.0,3.64,21.0,1559426406067
0.0,0.0,3.64,21.0,1559426406168
0.0,0.0,3.64,21.0,1559426406453
0.0,0.0,3.64,21.0,1559426406453
0.0,0.0,3.64,21.0,1559426406472
35.16246032714844,139.6155548095703,3.64,21.0,1559426406473
0.0,0.0,3.64,21.0,1559426406574
0.0,0.0,3.64,21.0,1559426406759
0.0,0.0,3.64,21.0,1559426406776
0.0,0.0,3.64,21.0,1559426406878
0.0,0.0,3.64,21.0,1559426407067
0.0,0.0,3.64,21.0,1559426407082
0.0,0.0,3.64,21.0,1559426407181
0.0,0.0,3.64,21.0,1559426407285
0.0,0.0,3.64,21.0,1559426407384
0.0,0.0,3.64,21.0,1559426407580
0.0,0.0,3.64,21.0,1559426407593
0.0,0.0,3.64,21.0,1559426407688
0.0,0.0,3.61,21.0,1559426407789
0.0,0.0,3.61,21.0,1559426407989
0.0,0.0,3.61,21.0,1559426407992
0.0,0.0,3.61,21.0,1559426408569
0.0,0.0,3.61,21.0,1559426408570
0.0,0.0,3.61,21.0,1559426408571
0.0,0.0,3.61,21.0,1559426408571
0.0,0.0,3.61,21.0,1559426408571
0.0,0.0,3.61,21.0,1559426408600
0.0,0.0,3.61,21.0,1559426408702
0.0,0.0,3.61,21.0,1559426408807
35.16246032714844,139.6155548095703,3.61,21.0,1559426408807
0.0,0.0,3.61,21.0,1559426408904
0.0,0.0,3.61,21.0,1559426409013
0.0,0.0,3.61,21.0,1559426409106
0.0,0.0,3.61,21.0,1559426409208
0.0,0.0,3.61,21.0,1559426409311
0.0,0.0,3.61,21.0,1559426409410
0.0,0.0,3.61,21.0,1559426409530
0.0,0.0,3.61,21.0,1559426409613
0.0,0.0,3.61,21.0,1559426409714
0.0,0.0,3.61,21.0,1559426409832
0.0,0.0,3.61,21.0,1559426409917
0.0,0.0,3.61,21.0,1559426410020
0.0,0.0,3.61,21.0,1559426410139
0.0,0.0,3.61,21.0,1559426410221
0.0,0.0,3.61,21.0,1559426410324
0.0,0.0,3.61,21.0,1559426410423
0.0,0.0,3.61,21.0,1559426410525
0.0,0.0,3.61,21.0,1559426410651
0.0,0.0,3.61,21.0,1559426410727
0.0,0.0,3.61,21.0,1559426410828
0.0,0.0,3.61,21.0,1559426410958
0.0,0.0,3.61,21.0,1559426411031
0.0,0.0,3.61,21.0,1559426411132
0.0,0.0,3.61,21.0,1559426411266
35.16246032714844,139.61557006835938,3.61,21.0,1559426411266
0.0,0.0,3.61,21.0,1559426411339
0.0,0.0,3.61,21.0,1559426411439
0.0,0.0,3.61,21.0,1559426411573
0.0,0.0,3.61,21.0,1559426411639
0.0,0.0,3.61,21.0,1559426411740
0.0,0.0,3.61,21.0,1559426411880
0.0,0.0,3.61,21.0,1559426411943
0.0,0.0,3.61,21.0,1559426412044
0.0,0.0,3.61,21.0,1559426412187
0.0,0.0,3.61,21.0,1559426412247
0.0,0.0,3.61,21.0,1559426412350
0.0,0.0,3.61,21.0,1559426412449
0.0,0.0,3.61,21.0,1559426412551
0.0,0.0,3.61,21.0,1559426412699
0.0,0.0,3.61,21.0,1559426412855
0.0,0.0,3.61,21.0,1559426413007
0.0,0.0,3.61,21.0,1559426413058
0.0,0.0,3.61,21.0,1559426413599
0.0,0.0,3.61,21.0,1559426413599
0.0,0.0,3.61,21.0,1559426413600
0.0,0.0,3.61,21.0,1559426413600
0.0,0.0,3.61,21.0,1559426413600
0.0,0.0,3.61,21.0,1559426413665
35.16242599487305,139.61557006835938,3.61,21.0,1559426413666
0.0,0.0,3.61,21.0,1559426413766
0.0,0.0,3.61,21.0,1559426413870
0.0,0.0,3.61,21.0,1559426413969
0.0,0.0,3.61,21.0,1559426414133
0.0,0.0,3.61,21.0,1559426414172
0.0,0.0,3.61,21.0,1559426414273
0.0,0.0,3.61,21.0,1559426414440
0.0,0.0,3.61,21.0,1559426414477
0.0,0.0,3.61,21.0,1559426414577
0.0,0.0,3.61,21.0,1559426414678
0.0,0.0,3.61,21.0,1559426414779
0.0,0.0,3.61,21.0,1559426414952
0.0,0.0,3.61,21.0,1559426414982
0.0,0.0,3.61,21.0,1559426415083
0.0,0.0,3.61,21.0,1559426415259
0.0,0.0,3.61,21.0,1559426415286
0.0,0.0,3.61,21.0,1559426415389
0.0,0.0,3.61,21.0,1559426415566
0.0,0.0,3.61,21.0,1559426415592
0.0,0.0,3.61,21.0,1559426415691
0.0,0.0,3.61,21.0,1559426415793
0.0,0.0,3.61,21.0,1559426415894
35.16242218017578,139.61557006835938,3.61,21.0,1559426415894
0.0,0.0,3.61,21.0,1559426416079
0.0,0.0,3.61,21.0,1559426416096
0.0,0.0,3.61,21.0,1559426416198
0.0,0.0,3.61,21.0,1559426416386
0.0,0.0,3.61,21.0,1559426416402
0.0,0.0,3.61,21.0,1559426416504
0.0,0.0,3.64,21.0,1559426417717
0.0,0.0,3.64,21.0,1559426417818
0.0,0.0,3.64,21.0,1559426417920
0.0,0.0,3.64,21.0,1559426418021
35.16242218017578,139.6155548095703,3.64,21.0,1559426418541
0.0,0.0,3.64,21.0,1559426418638
0.0,0.0,3.64,21.0,1559426418639
0.0,0.0,3.64,21.0,1559426418639
0.0,0.0,3.66,21.0,1559426418640
0.0,0.0,3.66,21.0,1559426418640
0.0,0.0,3.66,21.0,1559426418640
0.0,0.0,3.66,21.0,1559426418823
0.0,0.0,3.66,21.0,1559426418833
0.0,0.0,3.69,21.0,1559426418933
0.0,0.0,3.69,21.0,1559426419103
0.0,0.0,3.69,21.0,1559426419135
0.0,0.0,3.69,21.0,1559426419395
0.0,0.0,3.69,21.0,1559426419395
0.0,0.0,3.72,21.0,1559426419444
0.0,0.0,3.72,21.0,1559426419699
0.0,0.0,3.72,21.0,1559426419700
0.0,0.0,3.72,21.0,1559426419744
0.0,0.0,3.72,21.0,1559426420006
0.0,0.0,3.75,21.0,1559426420007
0.0,0.0,3.75,21.0,1559426420047
0.0,0.0,3.75,21.0,1559426420294
0.0,0.0,3.75,21.0,1559426420295
0.0,0.0,3.77,21.0,1559426420351
0.0,0.0,3.77,21.0,1559426420603
0.0,0.0,3.77,21.0,1559426420604
0.0,0.0,3.77,21.0,1559426420655
0.0,0.0,3.8,21.0,1559426420907
35.16242218017578,139.6155548095703,3.8,21.0,1559426420908
0.0,0.0,3.8,21.0,1559426420927
0.0,0.0,3.8,21.0,1559426420960
0.0,0.0,3.8,21.0,1559426421213
0.0,0.0,3.83,21.0,1559426421213
0.0,0.0,3.83,21.0,1559426421263
0.0,0.0,3.83,21.0,1559426421516
0.0,0.0,3.83,21.0,1559426421517
0.0,0.0,3.83,21.0,1559426421567
0.0,0.0,3.86,21.0,1559426421821
0.0,0.0,3.86,21.0,1559426421823
0.0,0.0,3.86,21.0,1559426421871
0.0,0.0,3.86,21.0,1559426421972
0.0,0.0,3.86,21.0,1559426422074
0.0,0.0,3.86,21.0,1559426422175
0.0,0.0,3.86,21.0,1559426422276
0.0,0.0,3.88,21.0,1559426422427
0.0,0.0,3.88,21.0,1559426422482
0.0,0.0,3.88,21.0,1559426422580
0.0,0.0,3.88,21.0,1559426422735
0.0,0.0,3.88,21.0,1559426422783
0.0,0.0,3.88,21.0,1559426422884
0.0,0.0,3.88,21.0,1559426423013
0.0,0.0,3.91,21.0,1559426423656
35.162445068359375,139.61550903320312,3.91,21.0,1559426423657
0.0,0.0,3.91,21.0,1559426423658
0.0,0.0,3.91,21.0,1559426423669
0.0,0.0,3.91,21.0,1559426423670
0.0,0.0,3.91,21.0,1559426423670
0.0,0.0,3.91,21.0,1559426423671
0.0,0.0,3.91,21.0,1559426423695
0.0,0.0,3.91,21.0,1559426423796
0.0,0.0,3.91,21.0,1559426423897
0.0,0.0,3.94,21.0,1559426423999
0.0,0.0,3.94,21.0,1559426424100
0.0,0.0,3.94,21.0,1559426424201
0.0,0.0,3.94,21.0,1559426424373
0.0,0.0,3.94,21.0,1559426424404
0.0,0.0,3.94,21.0,1559426424507
0.0,0.0,3.94,21.0,1559426424680
0.0,0.0,3.94,21.0,1559426424707
0.0,0.0,3.97,21.0,1559426424809
0.0,0.0,3.97,21.0,1559426424946
0.0,0.0,3.97,21.0,1559426425012
0.0,0.0,3.97,21.0,1559426425113
0.0,0.0,3.97,21.0,1559426425214
0.0,0.0,3.97,21.0,1559426425316
0.0,0.0,3.97,21.0,1559426425499
0.0,0.0,3.97,21.0,1559426425520
0.0,0.0,3.97,21.0,1559426425619
0.0,0.0,3.97,21.0,1559426425806
0.0,0.0,3.97,21.0,1559426425822
0.0,0.0,3.97,21.0,1559426425923
0.0,0.0,3.97,21.0,1559426426025
35.1624641418457,139.61549377441406,3.97,21.0,1559426426025
0.0,0.0,3.97,21.0,1559426426126
0.0,0.0,3.97,21.0,1559426426319
0.0,0.0,3.97,21.0,1559426426329
0.0,0.0,3.97,21.0,1559426426430
0.0,0.0,3.97,21.0,1559426426627
0.0,0.0,3.97,21.0,1559426426633
0.0,0.0,3.97,21.0,1559426426734
0.0,0.0,3.97,21.0,1559426427034
0.0,0.0,3.97,21.0,1559426427055
0.0,0.0,3.97,21.0,1559426427139
0.0,0.0,3.97,21.0,1559426427342
0.0,0.0,3.99,21.0,1559426427343
0.0,0.0,3.99,21.0,1559426427443
0.0,0.0,3.99,21.0,1559426427650
0.0,0.0,3.99,21.0,1559426427650
0.0,0.0,3.99,21.0,1559426427747
0.0,0.0,3.99,21.0,1559426427848
0.0,0.0,3.99,21.0,1559426427957
0.0,0.0,3.99,21.0,1559426428051
0.0,0.0,3.99,21.0,1559426428152
0.0,0.0,3.99,21.0,1559426428253
0.0,0.0,3.99,21.0,1559426428355
0.0,0.0,3.99,21.0,1559426428469
0.0,0.0,3.99,21.0,1559426428990
0.0,0.0,3.99,21.0,1559426428991
0.0,0.0,3.99,21.0,1559426428992
0.0,0.0,4.02,21.0,1559426428993
0.0,0.0,4.02,21.0,1559426428993
0.0,0.0,4.02,21.0,1559426429065
0.0,0.0,4.02,21.0,1559426429166
0.0,0.0,4.02,21.0,1559426429267
0.0,0.0,4.02,21.0,1559426429368
0.0,0.0,4.02,21.0,1559426429493
0.0,0.0,4.02,21.0,1559426429573
0.0,0.0,4.05,21.0,1559426429672
0.0,0.0,4.05,21.0,1559426429800
0.0,0.0,4.05,21.0,1559426429875
0.0,0.0,4.05,21.0,1559426429976
0.0,0.0,4.05,21.0,1559426430077
0.0,0.0,4.07,21.0,1559426430179
0.0,0.0,4.07,21.0,1559426430280
0.0,0.0,4.07,21.0,1559426430381
0.0,0.0,4.07,21.0,1559426430517
0.0,0.0,4.07,21.0,1559426430586
35.162506103515625,139.615478515625,4.07,21.0,1559426430588
0.0,0.0,4.07,21.0,1559426430690
0.0,0.0,4.07,21.0,1559426430824
0.0,0.0,4.07,21.0,1559426430888
0.0,0.0,4.07,21.0,1559426430990
0.0,0.0,4.1,21.0,1559426431091
0.0,0.0,4.1,21.0,1559426431192
0.0,0.0,4.1,21.0,1559426431293
0.0,0.0,4.1,21.0,1559426431395
0.0,0.0,4.13,21.0,1559426431544
0.0,0.0,4.13,21.0,1559426431599
0.0,0.0,4.13,21.0,1559426431698
0.0,0.0,4.13,21.0,1559426431848
0.0,0.0,4.13,21.0,1559426431901
0.0,0.0,4.13,21.0,1559426432002
0.0,0.0,4.16,21.0,1559426432155
0.0,0.0,4.16,21.0,1559426432205
0.0,0.0,4.16,21.0,1559426432306
0.0,0.0,4.16,21.0,1559426432462
0.0,0.0,4.16,21.0,1559426432509
0.0,0.0,4.16,21.0,1559426432613
0.0,0.0,4.16,21.0,1559426432770
0.0,0.0,4.16,21.0,1559426432816
35.16252899169922,139.61546325683594,4.16,21.0,1559426432824
0.0,0.0,4.16,21.0,1559426432914
0.0,0.0,4.16,21.0,1559426433076
0.0,0.0,4.16,21.0,1559426433117
0.0,0.0,4.16,21.0,1559426433218
0.0,0.0,4.18,21.0,1559426433320
0.0,0.0,4.18,21.0,1559426433421
0.0,0.0,4.18,21.0,1559426433989
0.0,0.0,4.18,21.0,1559426433990
0.0,0.0,4.18,21.0,1559426433994
0.0,0.0,4.18,21.0,1559426433994
0.0,0.0,4.18,21.0,1559426433994
0.0,0.0,4.18,21.0,1559426434029
0.0,0.0,4.18,21.0,1559426434130
0.0,0.0,4.18,21.0,1559426434231
0.0,0.0,4.18,21.0,1559426434333
0.0,0.0,4.18,21.0,1559426434613
0.0,0.0,4.18,21.0,1559426434614
0.0,0.0,4.18,21.0,1559426434639
0.0,0.0,4.18,21.0,1559426434738
0.0,0.0,4.18,21.0,1559426434920
0.0,0.0,4.18,21.0,1559426434940
0.0,0.0,4.18,21.0,1559426435042
0.0,0.0,4.18,21.0,1559426435143
0.0,0.0,4.18,21.0,1559426435245
0.0,0.0,4.18,21.0,1559426435432
0.0,0.0,4.18,21.0,1559426435449
0.0,0.0,4.21,21.0,1559426435548
0.0,0.0,4.21,21.0,1559426435740
0.0,0.0,4.21,21.0,1559426435751
0.0,0.0,4.21,21.0,1559426435852
0.0,0.0,4.21,21.0,1559426436046
0.0,0.0,4.21,21.0,1559426436055
0.0,0.0,4.21,21.0,1559426436156
0.0,0.0,4.21,21.0,1559426436258
35.16257095336914,139.61544799804688,4.21,21.0,1559426436258
0.0,0.0,4.21,21.0,1559426436359
0.0,0.0,4.24,21.0,1559426436558
0.0,0.0,4.24,21.0,1559426436564
0.0,0.0,4.24,21.0,1559426436666
0.0,0.0,4.24,21.0,1559426436866
0.0,0.0,4.24,21.0,1559426436867
0.0,0.0,4.24,21.0,1559426436967
0.0,0.0,4.24,21.0,1559426437171
0.0,0.0,4.24,21.0,1559426437172
0.0,0.0,4.24,21.0,1559426437272
0.0,0.0,4.24,21.0,1559426437373
0.0,0.0,4.27,21.0,1559426437479
0.0,0.0,4.27,21.0,1559426437576
0.0,0.0,4.27,21.0,1559426437679
0.0,0.0,4.27,21.0,1559426437787
0.0,0.0,4.27,21.0,1559426437879
0.0,0.0,4.27,21.0,1559426437980
0.0,0.0,4.27,21.0,1559426438094
0.0,0.0,4.27,21.0,1559426438183
0.0,0.0,4.27,21.0,1559426438284
0.0,0.0,4.27,21.0,1559426438386
0.0,0.0,4.24,21.0,1559426439102
35.16259002685547,139.6154327392578,4.24,21.0,1559426439103
0.0,0.0,4.24,21.0,1559426439111
0.0,0.0,4.24,21.0,1559426439111
0.0,0.0,4.24,21.0,1559426439112
0.0,0.0,4.24,21.0,1559426439112
0.0,0.0,4.24,21.0,1559426439112
0.0,0.0,4.24,21.0,1559426439112
0.0,0.0,4.24,21.0,1559426439196
0.0,0.0,4.24,21.0,1559426439391
0.0,0.0,4.24,21.0,1559426439399
0.0,0.0,4.24,21.0,1559426439500
0.0,0.0,4.24,21.0,1559426439691
0.0,0.0,4.24,21.0,1559426439705
0.0,0.0,4.24,21.0,1559426439804
0.0,0.0,4.24,21.0,1559426439979
0.0,0.0,4.24,21.0,1559426440007
0.0,0.0,4.24,21.0,1559426440259
0.0,0.0,4.24,21.0,1559426440259
0.0,0.0,4.24,21.0,1559426440310
0.0,0.0,4.24,21.0,1559426440564
0.0,0.0,4.24,21.0,1559426440565
0.0,0.0,4.24,21.0,1559426440617
0.0,0.0,4.24,21.0,1559426440869
0.0,0.0,4.24,21.0,1559426440870
0.0,0.0,4.24,21.0,1559426441173
0.0,0.0,4.24,21.0,1559426441174
0.0,0.0,4.24,21.0,1559426441222
0.0,0.0,4.24,21.0,1559426441477
0.0,0.0,4.24,21.0,1559426441478
0.0,0.0,4.24,21.0,1559426441527
0.0,0.0,4.24,21.0,1559426441785
0.0,0.0,4.24,21.0,1559426441789
0.0,0.0,4.24,21.0,1559426441830
0.0,0.0,4.24,21.0,1559426441931
0.0,0.0,4.24,21.0,1559426442033
0.0,0.0,4.24,21.0,1559426442293
0.0,0.0,4.24,21.0,1559426442304
0.0,0.0,4.27,21.0,1559426442337
0.0,0.0,4.27,21.0,1559426442438
0.0,0.0,4.27,21.0,1559426442600
0.0,0.0,4.27,21.0,1559426442643
35.162628173828125,139.6154022216797,4.27,21.0,1559426442648
0.0,0.0,4.27,21.0,1559426442744
0.0,0.0,4.27,21.0,1559426442907
0.0,0.0,4.27,21.0,1559426442945
0.0,0.0,4.27,21.0,1559426443046
0.0,0.0,4.27,21.0,1559426443214
0.0,0.0,4.27,21.0,1559426443250
0.0,0.0,4.29,21.0,1559426443350
0.0,0.0,4.29,21.0,1559426443451
0.0,0.0,4.29,21.0,1559426443553
0.0,0.0,4.29,21.0,1559426443726
0.0,0.0,4.29,21.0,1559426443758
0.0,0.0,4.29,21.0,1559426443857
0.0,0.0,4.29,21.0,1559426444033
0.0,0.0,4.29,21.0,1559426444060
0.0,0.0,4.29,21.0,1559426444161
0.0,0.0,4.29,21.0,1559426444262
0.0,0.0,4.29,21.0,1559426444364
0.0,0.0,4.32,21.0,1559426444546
0.0,0.0,4.32,21.0,1559426444570
0.0,0.0,4.32,21.0,1559426444672
0.0,0.0,4.32,21.0,1559426445275
0.0,0.0,4.32,21.0,1559426445280
0.0,0.0,4.32,21.0,1559426445280
0.0,0.0,4.32,21.0,1559426445280
0.0,0.0,4.32,21.0,1559426445281
0.0,0.0,4.32,21.0,1559426445281
0.0,0.0,4.32,21.0,1559426445376
0.0,0.0,4.32,21.0,1559426445478
0.0,0.0,4.32,21.0,1559426445579
0.0,0.0,4.32,21.0,1559426445680
0.0,0.0,4.32,21.0,1559426445877
0.0,0.0,4.32,21.0,1559426445884
0.0,0.0,4.32,21.0,1559426445985
0.0,0.0,4.32,21.0,1559426446184
0.0,0.0,4.32,21.0,1559426446188
0.0,0.0,4.32,21.0,1559426446288
35.162662506103516,139.6153564453125,4.32,21.0,1559426446289
0.0,0.0,4.32,21.0,1559426446390
0.0,0.0,4.32,21.0,1559426446491
0.0,0.0,4.32,21.0,1559426446593
0.0,0.0,4.32,21.0,1559426446798
0.0,0.0,4.32,21.0,1559426446799
0.0,0.0,4.32,21.0,1559426446897
0.0,0.0,4.32,21.0,1559426446997
0.0,0.0,4.32,21.0,1559426447105
0.0,0.0,4.32,21.0,1559426447200
0.0,0.0,4.32,21.0,1559426447304
0.0,0.0,4.32,21.0,1559426447413
0.0,0.0,4.32,21.0,1559426447504
0.0,0.0,4.32,21.0,1559426447605
0.0,0.0,4.32,21.0,1559426447721
0.0,0.0,4.32,21.0,1559426447810
0.0,0.0,4.35,21.0,1559426447909
0.0,0.0,4.35,21.0,1559426448027
0.0,0.0,4.35,21.0,1559426448112
0.0,0.0,4.35,21.0,1559426448213
0.0,0.0,4.35,21.0,1559426448315
0.0,0.0,4.35,21.0,1559426448416
0.0,0.0,4.35,21.0,1559426448611
35.162681579589844,139.61534118652344,4.35,21.0,1559426448612
0.0,0.0,4.38,21.0,1559426448619
0.0,0.0,4.38,21.0,1559426448744
0.0,0.0,4.38,21.0,1559426448823
0.0,0.0,4.38,21.0,1559426448923
0.0,0.0,4.38,21.0,1559426449051
0.0,0.0,4.4,21.0,1559426449125
0.0,0.0,4.4,21.0,1559426449227
0.0,0.0,4.4,21.0,1559426449328
0.0,0.0,4.4,21.0,1559426449429
0.0,0.0,4.4,21.0,1559426449972
0.0,0.0,4.4,21.0,1559426449973
0.0,0.0,4.4,21.0,1559426449973
0.0,0.0,4.43,21.0,1559426449973
0.0,0.0,4.43,21.0,1559426449979
0.0,0.0,4.43,21.0,1559426450037
0.0,0.0,4.43,21.0,1559426450138
0.0,0.0,4.43,21.0,1559426450240
0.0,0.0,4.43,21.0,1559426450341
0.0,0.0,4.43,21.0,1559426450442
0.0,0.0,4.43,21.0,1559426450544
0.0,0.0,4.46,21.0,1559426450689
0.0,0.0,4.46,21.0,1559426450747
0.0,0.0,4.46,21.0,1559426450850
0.0,0.0,4.46,21.0,1559426450996
0.0,0.0,4.46,21.0,1559426451051
0.0,0.0,4.46,21.0,1559426451303
0.0,0.0,4.46,21.0,1559426451355
0.0,0.0,4.46,21.0,1559426451456
0.0,0.0,4.46,21.0,1559426451557
0.0,0.0,4.46,21.0,1559426451658
0.0,0.0,4.46,21.0,1559426451815
0.0,0.0,4.46,21.0,1559426451863
0.0,0.0,4.46,21.0,1559426451965
0.0,0.0,4.46,21.0,1559426452123
35.1627197265625,139.61529541015625,4.46,21.0,1559426452124
0.0,0.0,4.43,21.0,1559426452165
0.0,0.0,4.43,21.0,1559426452267
0.0,0.0,4.43,21.0,1559426452534
0.0,0.0,4.43,21.0,1559426452534
0.0,0.0,4.43,21.0,1559426452572
0.0,0.0,4.43,21.0,1559426452671
0.0,0.0,4.43,21.0,1559426452839
0.0,0.0,4.43,21.0,1559426452876
0.0,0.0,4.43,21.0,1559426452975
0.0,0.0,4.43,21.0,1559426453147
0.0,0.0,4.43,21.0,1559426453178
0.0,0.0,4.43,21.0,1559426453279
0.0,0.0,4.43,21.0,1559426453396
0.0,0.0,4.43,21.0,1559426453482
0.0,0.0,4.43,21.0,1559426453732
0.0,0.0,4.43,21.0,1559426453732
0.0,0.0,4.43,21.0,1559426453787
0.0,0.0,4.43,21.0,1559426453966
0.0,0.0,4.43,21.0,1559426453989
0.0,0.0,4.43,21.0,1559426454090
0.0,0.0,4.43,21.0,1559426454215
0.0,0.0,4.43,21.0,1559426454293
0.0,0.0,4.43,21.0,1559426454395
0.0,0.0,4.43,21.0,1559426454497
35.16273880004883,139.6152801513672,4.43,21.0,1559426454501
0.0,0.0,4.43,21.0,1559426454597
0.0,0.0,4.43,21.0,1559426454786
0.0,0.0,4.43,21.0,1559426454800
0.0,0.0,4.43,21.0,1559426454903
0.0,0.0,4.43,21.0,1559426455093
0.0,0.0,4.43,21.0,1559426455104
0.0,0.0,4.43,21.0,1559426455205
0.0,0.0,4.43,21.0,1559426455357
0.0,0.0,4.43,21.0,1559426455408
0.0,0.0,4.43,21.0,1559426455509
0.0,0.0,4.43,21.0,1559426455611
0.0,0.0,4.43,21.0,1559426456321
0.0,0.0,4.43,21.0,1559426456322
0.0,0.0,4.43,21.0,1559426456421
0.0,0.0,4.43,21.0,1559426456523
0.0,0.0,4.43,21.0,1559426456626
0.0,0.0,4.43,21.0,1559426456725
0.0,0.0,4.43,21.0,1559426456833
0.0,0.0,4.43,21.0,1559426456930
0.0,0.0,4.43,21.0,1559426457029
0.0,0.0,4.43,21.0,1559426457141
0.0,0.0,4.43,21.0,1559426457232
35.16275405883789,139.61524963378906,4.43,21.0,1559426457232
0.0,0.0,4.43,21.0,1559426457333
0.0,0.0,4.4,21.0,1559426457448
0.0,0.0,4.4,21.0,1559426457536
0.0,0.0,4.4,21.0,1559426457637
0.0,0.0,4.4,21.0,1559426457755
0.0,0.0,4.4,21.0,1559426457840
0.0,0.0,4.4,21.0,1559426457943
0.0,0.0,4.4,21.0,1559426458062
0.0,0.0,4.4,21.0,1559426458144
0.0,0.0,4.4,21.0,1559426458245
0.0,0.0,4.4,21.0,1559426458369
0.0,0.0,4.4,21.0,1559426458448
0.0,0.0,4.4,21.0,1559426458549
0.0,0.0,4.4,21.0,1559426458651
0.0,0.0,4.4,21.0,1559426458853
0.0,0.0,4.4,21.0,1559426459128
0.0,0.0,4.4,21.0,1559426459158
0.0,0.0,4.4,21.0,1559426459410
0.0,0.0,4.4,21.0,1559426459411
0.0,0.0,4.4,21.0,1559426459461
0.0,0.0,4.4,21.0,1559426459702
0.0,0.0,4.4,21.0,1559426459703
35.162784576416016,139.61520385742188,4.4,21.0,1559426459705
0.0,0.0,4.4,21.0,1559426459765
0.0,0.0,4.4,21.0,1559426460000
0.0,0.0,4.4,21.0,1559426460000
0.0,0.0,4.38,21.0,1559426460069
0.0,0.0,4.38,21.0,1559426460300
0.0,0.0,4.38,21.0,1559426460301
0.0,0.0,4.38,21.0,1559426460373
0.0,0.0,4.4,21.0,1559426460603
0.0,0.0,4.4,21.0,1559426460611
0.0,0.0,4.4,21.0,1559426461211
0.0,0.0,4.4,21.0,1559426461215
0.0,0.0,4.4,21.0,1559426461216
0.0,0.0,4.4,21.0,1559426461216
0.0,0.0,4.4,21.0,1559426461216
0.0,0.0,4.4,21.0,1559426461216
0.0,0.0,4.4,21.0,1559426461284
0.0,0.0,4.4,21.0,1559426461515
0.0,0.0,4.4,21.0,1559426461515
0.0,0.0,4.4,21.0,1559426461588
0.0,0.0,4.4,21.0,1559426461818
0.0,0.0,4.4,21.0,1559426461819
0.0,0.0,4.4,21.0,1559426461892
0.0,0.0,4.4,21.0,1559426461996
35.16279602050781,139.6151885986328,4.4,21.0,1559426462000
0.0,0.0,4.4,21.0,1559426462095
0.0,0.0,4.38,21.0,1559426462261
0.0,0.0,4.38,21.0,1559426462297
0.0,0.0,4.38,21.0,1559426462399
0.0,0.0,4.38,21.0,1559426462568
0.0,0.0,4.38,21.0,1559426462602
0.0,0.0,4.38,21.0,1559426462703
0.0,0.0,4.38,21.0,1559426462875
0.0,0.0,4.38,21.0,1559426462905
0.0,0.0,4.38,21.0,1559426463009
0.0,0.0,4.38,21.0,1559426463182
0.0,0.0,4.38,21.0,1559426463209
0.0,0.0,4.38,21.0,1559426463311
0.0,0.0,4.38,21.0,1559426463489
0.0,0.0,4.38,21.0,1559426463514
0.0,0.0,4.38,21.0,1559426463615
0.0,0.0,4.38,21.0,1559426463716
0.0,0.0,4.38,21.0,1559426463817
0.0,0.0,4.38,21.0,1559426464002
0.0,0.0,4.38,21.0,1559426464024
0.0,0.0,4.38,21.0,1559426464121
0.0,0.0,4.38,21.0,1559426464254
0.0,0.0,4.38,21.0,1559426464324
35.162811279296875,139.6151580810547,4.38,21.0,1559426464325
0.0,0.0,4.38,21.0,1559426464425
0.0,0.0,4.38,21.0,1559426464529
0.0,0.0,4.38,21.0,1559426464628
0.0,0.0,4.38,21.0,1559426464821
0.0,0.0,4.38,21.0,1559426464831
0.0,0.0,4.38,21.0,1559426464936
0.0,0.0,4.38,21.0,1559426465128
0.0,0.0,4.38,21.0,1559426465135
0.0,0.0,4.38,21.0,1559426465380
0.0,0.0,4.38,21.0,1559426465439
0.0,0.0,4.38,21.0,1559426465540
0.0,0.0,4.38,21.0,1559426465642
0.0,0.0,4.38,21.0,1559426466255
0.0,0.0,4.38,21.0,1559426466256
0.0,0.0,4.38,21.0,1559426466256
0.0,0.0,4.38,21.0,1559426466256
0.0,0.0,4.38,21.0,1559426466256
0.0,0.0,4.38,21.0,1559426466256
0.0,0.0,4.38,21.0,1559426466351
0.0,0.0,4.38,21.0,1559426466452
0.0,0.0,4.38,21.0,1559426466553
0.0,0.0,4.38,21.0,1559426466654
0.0,0.0,4.38,21.0,1559426466766
0.0,0.0,4.38,21.0,1559426466857
0.0,0.0,4.38,21.0,1559426466958
0.0,0.0,4.38,21.0,1559426467074
0.0,0.0,4.38,21.0,1559426467161
0.0,0.0,4.38,21.0,1559426467263
0.0,0.0,4.38,21.0,1559426467387
0.0,0.0,4.38,21.0,1559426467465
0.0,0.0,4.38,21.0,1559426467566
0.0,0.0,4.38,21.0,1559426467688
0.0,0.0,4.38,21.0,1559426467769
0.0,0.0,4.38,21.0,1559426467870
35.16283416748047,139.6151123046875,4.38,21.0,1559426467871
0.0,0.0,4.38,21.0,1559426467995
0.0,0.0,4.38,21.0,1559426468075
0.0,0.0,4.38,21.0,1559426468175
0.0,0.0,4.38,21.0,1559426468302
0.0,0.0,4.38,21.0,1559426468377
0.0,0.0,4.38,21.0,1559426468478
0.0,0.0,4.38,21.0,1559426468579
0.0,0.0,4.38,21.0,1559426468681
0.0,0.0,4.38,21.0,1559426468814
0.0,0.0,4.38,21.0,1559426468884
0.0,0.0,4.38,21.0,1559426468986
0.0,0.0,4.38,21.0,1559426469121
0.0,0.0,4.38,21.0,1559426469187
0.0,0.0,4.38,21.0,1559426469289
0.0,0.0,4.38,21.0,1559426469390
0.0,0.0,4.38,21.0,1559426469491
0.0,0.0,4.38,21.0,1559426469633
0.0,0.0,4.38,21.0,1559426469694
0.0,0.0,4.35,21.0,1559426469795
0.0,0.0,4.35,21.0,1559426469941
0.0,0.0,4.35,21.0,1559426469998
0.0,0.0,4.35,21.0,1559426470101
0.0,0.0,4.35,21.0,1559426470248
35.1628532409668,139.61509704589844,4.35,21.0,1559426470252
0.0,0.0,4.35,21.0,1559426470306
0.0,0.0,4.35,21.0,1559426470403
0.0,0.0,4.35,21.0,1559426470505
0.0,0.0,4.35,21.0,1559426470606
0.0,0.0,4.35,21.0,1559426471169
0.0,0.0,4.35,21.0,1559426471169
0.0,0.0,4.35,21.0,1559426471170
0.0,0.0,4.35,21.0,1559426471171
0.0,0.0,4.35,21.0,1559426471171
0.0,0.0,4.35,21.0,1559426471215
0.0,0.0,4.35,21.0,1559426471315
0.0,0.0,4.35,21.0,1559426471416
0.0,0.0,4.35,21.0,1559426471518
0.0,0.0,4.35,21.0,1559426471619
0.0,0.0,4.35,21.0,1559426471720
0.0,0.0,4.35,21.0,1559426471886
0.0,0.0,4.35,21.0,1559426471925
0.0,0.0,4.35,21.0,1559426472024
0.0,0.0,4.35,21.0,1559426472193
0.0,0.0,4.35,21.0,1559426472227
0.0,0.0,4.35,21.0,1559426472328
0.0,0.0,4.35,21.0,1559426472501
0.0,0.0,4.35,21.0,1559426472531
0.0,0.0,4.35,21.0,1559426472632
0.0,0.0,4.35,21.0,1559426472808
35.16286849975586,139.6150665283203,4.35,21.0,1559426472812
0.0,0.0,4.35,21.0,1559426472835
0.0,0.0,4.35,21.0,1559426472936
0.0,0.0,4.35,21.0,1559426473115
0.0,0.0,4.35,21.0,1559426473140
0.0,0.0,4.35,21.0,1559426473241
0.0,0.0,4.35,21.0,1559426473422
0.0,0.0,4.35,21.0,1559426473442
0.0,0.0,4.35,21.0,1559426473543
0.0,0.0,4.35,21.0,1559426473645
0.0,0.0,4.35,21.0,1559426473746
0.0,0.0,4.35,21.0,1559426473935
0.0,0.0,4.35,21.0,1559426473949
0.0,0.0,4.35,21.0,1559426474050
0.0,0.0,4.35,21.0,1559426474241
0.0,0.0,4.35,21.0,1559426474253
0.0,0.0,4.35,21.0,1559426474354
0.0,0.0,4.35,21.0,1559426474455
0.0,0.0,4.35,21.0,1559426474557
0.0,0.0,4.35,21.0,1559426474753
0.0,0.0,4.35,21.0,1559426474760
0.0,0.0,4.38,21.0,1559426474861
0.0,0.0,4.38,21.0,1559426475061
0.0,0.0,4.38,21.0,1559426475063
0.0,0.0,4.38,21.0,1559426475167
0.0,0.0,4.38,21.0,1559426475368
0.0,0.0,4.38,21.0,1559426475369
35.16288757324219,139.61505126953125,4.38,21.0,1559426475372
0.0,0.0,4.38,21.0,1559426475490
0.0,0.0,4.38,21.0,1559426475570
0.0,0.0,4.38,21.0,1559426475672
0.0,0.0,4.38,21.0,1559426476187
0.0,0.0,4.38,21.0,1559426476199
0.0,0.0,4.38,21.0,1559426476199
0.0,0.0,4.38,21.0,1559426476199
0.0,0.0,4.38,21.0,1559426476200
0.0,0.0,4.38,21.0,1559426476279
0.0,0.0,4.4,21.0,1559426476380
0.0,0.0,4.4,21.0,1559426476482
0.0,0.0,4.4,21.0,1559426476583
0.0,0.0,4.4,21.0,1559426476685
0.0,0.0,4.4,21.0,1559426476786
0.0,0.0,4.4,21.0,1559426476904
0.0,0.0,4.4,21.0,1559426476989
0.0,0.0,4.4,21.0,1559426477090
0.0,0.0,4.4,21.0,1559426477211
0.0,0.0,4.4,21.0,1559426477292
0.0,0.0,4.4,21.0,1559426477394
0.0,0.0,4.4,21.0,1559426477518
0.0,0.0,4.4,21.0,1559426477597
0.0,0.0,4.4,21.0,1559426477698
35.16292953491211,139.61502075195312,4.4,21.0,1559426477699
0.0,0.0,4.43,21.0,1559426477826
0.0,0.0,4.43,21.0,1559426477900
0.0,0.0,4.43,21.0,1559426478002
0.0,0.0,4.43,21.0,1559426478135
0.0,0.0,4.43,21.0,1559426478207
0.0,0.0,4.43,21.0,1559426478306
0.0,0.0,4.43,21.0,1559426478440
0.0,0.0,4.43,21.0,1559426478508
0.0,0.0,4.43,21.0,1559426478610
0.0,0.0,4.43,21.0,1559426478845
0.0,0.0,4.43,21.0,1559426478848
0.0,0.0,4.43,21.0,1559426478914
0.0,0.0,4.43,21.0,1559426479135
0.0,0.0,4.4,21.0,1559426479136
0.0,0.0,4.4,21.0,1559426479220
0.0,0.0,4.4,21.0,1559426479406
0.0,0.0,4.4,21.0,1559426479420
0.0,0.0,4.4,21.0,1559426479522
0.0,0.0,4.4,21.0,1559426479710
0.0,0.0,4.4,21.0,1559426479726
0.0,0.0,4.4,21.0,1559426479826
0.0,0.0,4.4,21.0,1559426480007
0.0,0.0,4.4,21.0,1559426480029
35.16294860839844,139.614990234375,4.4,21.0,1559426480034
0.0,0.0,4.4,21.0,1559426480305
0.0,0.0,4.4,21.0,1559426480306
0.0,0.0,4.38,21.0,1559426480332
0.0,0.0,4.38,21.0,1559426480613
0.0,0.0,4.38,21.0,1559426480613
0.0,0.0,4.38,21.0,1559426480638
0.0,0.0,4.38,21.0,1559426481218
0.0,0.0,4.38,21.0,1559426481228
0.0,0.0,4.38,21.0,1559426481229
0.0,0.0,4.38,21.0,1559426481229
0.0,0.0,4.38,21.0,1559426481229
0.0,0.0,4.38,21.0,1559426481248
0.0,0.0,4.38,21.0,1559426481524
0.0,0.0,4.38,21.0,1559426481524
0.0,0.0,4.38,21.0,1559426481548
0.0,0.0,4.4,21.0,1559426481827
0.0,0.0,4.4,21.0,1559426481827
0.0,0.0,4.4,21.0,1559426481852
0.0,0.0,4.4,21.0,1559426481953
0.0,0.0,4.4,21.0,1559426482055
0.0,0.0,4.4,21.0,1559426482228
0.0,0.0,4.43,21.0,1559426482259
0.0,0.0,4.43,21.0,1559426482358
0.0,0.0,4.43,21.0,1559426482536
0.0,0.0,4.43,21.0,1559426482561
0.0,0.0,4.43,21.0,1559426482662
0.0,0.0,4.46,21.0,1559426482844
0.0,0.0,4.46,21.0,1559426482867
0.0,0.0,4.46,21.0,1559426482966
0.0,0.0,4.49,21.0,1559426483253
0.0,0.0,4.49,21.0,1559426483253
0.0,0.0,4.49,21.0,1559426483272
0.0,0.0,4.51,21.0,1559426483374
0.0,0.0,4.51,21.0,1559426483560
35.16299057006836,139.61495971679688,4.51,21.0,1559426483560
0.0,0.0,4.51,21.0,1559426483574
0.0,0.0,4.51,21.0,1559426483676
0.0,0.0,4.54,21.0,1559426483777
0.0,0.0,4.54,21.0,1559426483878
0.0,0.0,4.54,21.0,1559426484072
0.0,0.0,4.54,21.0,1559426484081
0.0,0.0,4.54,21.0,1559426484182
0.0,0.0,4.57,21.0,1559426484379
0.0,0.0,4.57,21.0,1559426484385
0.0,0.0,4.57,21.0,1559426484486
0.0,0.0,4.57,21.0,1559426484588
0.0,0.0,4.57,21.0,1559426484689
0.0,0.0,4.57,21.0,1559426484891
0.0,0.0,4.57,21.0,1559426484893
0.0,0.0,4.57,21.0,1559426484993
0.0,0.0,4.59,21.0,1559426485198
0.0,0.0,4.59,21.0,1559426485199
0.0,0.0,4.59,21.0,1559426485299
0.0,0.0,4.59,21.0,1559426485400
0.0,0.0,4.59,21.0,1559426485513
0.0,0.0,4.59,21.0,1559426485601
0.0,0.0,4.59,21.0,1559426485731
0.0,0.0,4.59,21.0,1559426485803
0.0,0.0,4.59,21.0,1559426485905
35.16300964355469,139.6149444580078,4.59,21.0,1559426485907
0.0,0.0,4.59,21.0,1559426486017
0.0,0.0,4.59,21.0,1559426486632
0.0,0.0,4.59,21.0,1559426486633
0.0,0.0,4.59,21.0,1559426486633
0.0,0.0,4.57,21.0,1559426486633
0.0,0.0,4.57,21.0,1559426486633
0.0,0.0,4.57,21.0,1559426486715
0.0,0.0,4.57,21.0,1559426486817
0.0,0.0,4.57,21.0,1559426486918
0.0,0.0,4.57,21.0,1559426487019
0.0,0.0,4.57,21.0,1559426487144
0.0,0.0,4.54,21.0,1559426487222
0.0,0.0,4.54,21.0,1559426487323
0.0,0.0,4.54,21.0,1559426487451
0.0,0.0,4.54,21.0,1559426487527
0.0,0.0,4.54,21.0,1559426487627
0.0,0.0,4.54,21.0,1559426487757
0.0,0.0,4.51,21.0,1559426487830
0.0,0.0,4.51,21.0,1559426487931
0.0,0.0,4.51,21.0,1559426488066
0.0,0.0,4.51,21.0,1559426488134
0.0,0.0,4.51,21.0,1559426488235
0.0,0.0,4.51,21.0,1559426488372
0.0,0.0,4.49,21.0,1559426488440
0.0,0.0,4.49,21.0,1559426488539
0.0,0.0,4.49,21.0,1559426488680
0.0,0.0,4.49,21.0,1559426488745
0.0,0.0,4.49,21.0,1559426488846
0.0,0.0,4.49,21.0,1559426488945
0.0,0.0,4.49,21.0,1559426489046
0.0,0.0,4.46,21.0,1559426489194
0.0,0.0,4.46,21.0,1559426489249
0.0,0.0,4.46,21.0,1559426489350
0.0,0.0,4.46,21.0,1559426489453
0.0,0.0,4.46,21.0,1559426489656
0.0,0.0,4.46,21.0,1559426489756
0.0,0.0,4.46,21.0,1559426489909
0.0,0.0,4.46,21.0,1559426489958
0.0,0.0,4.46,21.0,1559426490059
0.0,0.0,4.46,21.0,1559426490216
0.0,0.0,4.46,21.0,1559426490262
0.0,0.0,4.46,21.0,1559426490363
0.0,0.0,4.46,21.0,1559426490523
0.0,0.0,4.46,21.0,1559426490566
0.0,0.0,4.46,21.0,1559426490667
35.16304016113281,139.61489868164062,4.46,21.0,1559426490667
0.0,0.0,4.46,21.0,1559426490768
0.0,0.0,4.46,21.0,1559426490870
0.0,0.0,4.46,21.0,1559426491035
0.0,0.0,4.46,21.0,1559426491072
0.0,0.0,4.46,21.0,1559426491650
0.0,0.0,4.46,21.0,1559426491671
0.0,0.0,4.46,21.0,1559426491671
0.0,0.0,4.46,21.0,1559426491671
0.0,0.0,4.46,21.0,1559426491673
0.0,0.0,4.46,21.0,1559426491682
0.0,0.0,4.46,21.0,1559426491781
0.0,0.0,4.46,21.0,1559426491883
0.0,0.0,4.46,21.0,1559426491984
0.0,0.0,4.46,21.0,1559426492161
0.0,0.0,4.46,21.0,1559426492187
0.0,0.0,4.46,21.0,1559426492288
0.0,0.0,4.46,21.0,1559426492468
0.0,0.0,4.46,21.0,1559426492493
0.0,0.0,4.49,21.0,1559426492592
0.0,0.0,4.46,21.0,1559426492776
0.0,0.0,4.46,21.0,1559426492795
0.0,0.0,4.46,21.0,1559426492896
0.0,0.0,4.46,21.0,1559426493083
35.16305160522461,139.61488342285156,4.46,21.0,1559426493085
0.0,0.0,4.46,21.0,1559426493100
0.0,0.0,4.46,21.0,1559426493208
0.0,0.0,4.46,21.0,1559426493414
0.0,0.0,4.46,21.0,1559426493418
0.0,0.0,4.46,21.0,1559426493506
0.0,0.0,4.46,21.0,1559426493605
0.0,0.0,4.46,21.0,1559426493707
0.0,0.0,4.46,21.0,1559426493808
0.0,0.0,4.46,21.0,1559426493909
0.0,0.0,4.46,21.0,1559426494011
0.0,0.0,4.46,21.0,1559426494209
0.0,0.0,4.46,21.0,1559426494216
0.0,0.0,4.46,21.0,1559426494315
0.0,0.0,4.46,21.0,1559426494471
0.0,0.0,4.46,21.0,1559426494524
0.0,0.0,4.43,21.0,1559426494619
0.0,0.0,4.43,21.0,1559426494720
0.0,0.0,4.43,21.0,1559426494821
0.0,0.0,4.43,21.0,1559426495028
0.0,0.0,4.43,21.0,1559426495029
0.0,0.0,4.43,21.0,1559426495125
0.0,0.0,4.43,21.0,1559426495226
0.0,0.0,4.43,21.0,1559426495336
0.0,0.0,4.43,21.0,1559426495429
35.163063049316406,139.61485290527344,4.43,21.0,1559426495429
0.0,0.0,4.43,21.0,1559426495532
0.0,0.0,4.43,21.0,1559426495643
0.0,0.0,4.43,21.0,1559426495733
0.0,0.0,4.43,21.0,1559426495834
0.0,0.0,4.43,21.0,1559426495936
0.0,0.0,4.43,21.0,1559426496037
0.0,0.0,4.43,21.0,1559426496665
0.0,0.0,4.43,21.0,1559426496665
0.0,0.0,4.43,21.0,1559426496666
0.0,0.0,4.43,21.0,1559426496666
0.0,0.0,4.43,21.0,1559426496666
0.0,0.0,4.43,21.0,1559426496666
0.0,0.0,4.43,21.0,1559426496746
0.0,0.0,4.46,21.0,1559426496847
0.0,0.0,4.46,21.0,1559426496949
0.0,0.0,4.46,21.0,1559426497050
0.0,0.0,4.46,21.0,1559426497179
0.0,0.0,4.46,21.0,1559426497253
0.0,0.0,4.46,21.0,1559426497354
0.0,0.0,4.46,21.0,1559426497486
0.0,0.0,4.46,21.0,1559426497559
0.0,0.0,4.46,21.0,1559426497658
0.0,0.0,4.49,21.0,1559426497793
35.163089752197266,139.61480712890625,4.49,21.0,1559426497795
0.0,0.0,4.49,21.0,1559426497861
0.0,0.0,4.49,21.0,1559426497962
0.0,0.0,4.49,21.0,1559426498100
0.0,0.0,4.49,21.0,1559426498165
0.0,0.0,4.49,21.0,1559426498266
0.0,0.0,4.49,21.0,1559426498408
0.0,0.0,4.49,21.0,1559426498469
0.0,0.0,4.51,21.0,1559426498572
0.0,0.0,4.51,21.0,1559426498715
0.0,0.0,4.51,21.0,1559426498773
0.0,0.0,4.51,21.0,1559426498874
0.0,0.0,4.51,21.0,1559426498975
0.0,0.0,4.51,21.0,1559426499077
0.0,0.0,4.51,21.0,1559426499227
0.0,0.0,4.51,21.0,1559426499279
0.0,0.0,4.51,21.0,1559426499381
0.0,0.0,4.51,21.0,1559426499535
0.0,0.0,4.51,21.0,1559426499586
0.0,0.0,4.51,21.0,1559426499685
0.0,0.0,4.51,21.0,1559426499862
0.0,0.0,4.51,21.0,1559426499888
0.0,0.0,4.51,21.0,1559426500144
0.0,0.0,4.54,21.0,1559426500144
35.16310119628906,139.61477661132812,4.54,21.0,1559426500145
0.0,0.0,4.54,21.0,1559426500191
0.0,0.0,4.54,21.0,1559426500444
0.0,0.0,4.54,21.0,1559426500445
0.0,0.0,4.54,21.0,1559426500495
0.0,0.0,4.54,21.0,1559426500727
0.0,0.0,4.54,21.0,1559426500728
0.0,0.0,4.54,21.0,1559426500800
0.0,0.0,4.54,21.0,1559426501013
0.0,0.0,4.54,21.0,1559426501013
0.0,0.0,4.54,21.0,1559426501103
0.0,0.0,4.57,21.0,1559426501302
0.0,0.0,4.57,21.0,1559426501310
0.0,0.0,4.57,21.0,1559426501408
0.0,0.0,4.57,21.0,1559426501607
0.0,0.0,4.57,21.0,1559426501613
0.0,0.0,4.57,21.0,1559426501712
0.0,0.0,4.57,21.0,1559426501913
0.0,0.0,4.57,21.0,1559426501915
0.0,0.0,4.57,21.0,1559426502017
0.0,0.0,4.57,21.0,1559426502215
0.0,0.0,4.57,21.0,1559426502219
0.0,0.0,4.57,21.0,1559426502320
0.0,0.0,4.57,21.0,1559426502873
0.0,0.0,4.57,21.0,1559426502873
0.0,0.0,4.57,21.0,1559426502874
0.0,0.0,4.57,21.0,1559426502875
0.0,0.0,4.57,21.0,1559426502875
0.0,0.0,4.57,21.0,1559426502929
0.0,0.0,4.57,21.0,1559426503029
0.0,0.0,4.57,21.0,1559426503130
0.0,0.0,4.57,21.0,1559426503232
0.0,0.0,4.57,21.0,1559426503425
0.0,0.0,4.57,21.0,1559426503435
0.0,0.0,4.57,21.0,1559426503536
0.0,0.0,4.57,21.0,1559426503732
0.0,0.0,4.57,21.0,1559426503739
0.0,0.0,4.57,21.0,1559426503840
0.0,0.0,4.57,21.0,1559426504004
35.163150787353516,139.61471557617188,4.57,21.0,1559426504005
0.0,0.0,4.57,21.0,1559426504042
0.0,0.0,4.57,21.0,1559426504144
0.0,0.0,4.57,21.0,1559426504246
0.0,0.0,4.57,21.0,1559426504346
0.0,0.0,4.57,21.0,1559426504553
0.0,0.0,4.57,21.0,1559426504553
0.0,0.0,4.57,21.0,1559426504652
0.0,0.0,4.57,21.0,1559426504753
0.0,0.0,4.57,21.0,1559426504853
0.0,0.0,4.57,21.0,1559426504954
0.0,0.0,4.57,21.0,1559426505064
0.0,0.0,4.57,21.0,1559426505157
0.0,0.0,4.57,21.0,1559426505258
0.0,0.0,4.59,21.0,1559426505371
0.0,0.0,4.59,21.0,1559426505461
0.0,0.0,4.59,21.0,1559426505562
0.0,0.0,4.59,21.0,1559426505676
0.0,0.0,4.59,21.0,1559426505765
0.0,0.0,4.59,21.0,1559426505867
0.0,0.0,4.59,21.0,1559426505968
0.0,0.0,4.59,21.0,1559426506069
0.0,0.0,4.62,21.0,1559426506213
0.0,0.0,4.62,21.0,1559426506272
0.0,0.0,4.62,21.0,1559426506373
35.16315841674805,139.61471557617188,4.62,21.0,1559426506373
0.0,0.0,4.62,21.0,1559426506497
0.0,0.0,4.62,21.0,1559426506576
0.0,0.0,4.62,21.0,1559426506679
0.0,0.0,4.65,21.0,1559426506778
0.0,0.0,4.65,21.0,1559426506880
0.0,0.0,4.65,21.0,1559426506981
0.0,0.0,4.68,21.0,1559426507591
0.0,0.0,4.68,21.0,1559426507692
0.0,0.0,4.68,21.0,1559426507828
0.0,0.0,4.7,21.0,1559426507893
0.0,0.0,4.7,21.0,1559426507995
0.0,0.0,4.7,21.0,1559426508136
0.0,0.0,4.7,21.0,1559426508197
0.0,0.0,4.73,21.0,1559426508299
0.0,0.0,4.73,21.0,1559426508443
0.0,0.0,4.73,21.0,1559426508501
0.0,0.0,4.73,21.0,1559426508602
0.0,0.0,4.76,21.0,1559426508807
0.0,0.0,4.76,21.0,1559426508908
0.0,0.0,4.76,21.0,1559426509008
0.0,0.0,4.76,21.0,1559426509109
0.0,0.0,4.76,21.0,1559426509262
0.0,0.0,4.76,21.0,1559426509312
0.0,0.0,4.76,21.0,1559426509413
0.0,0.0,4.76,21.0,1559426509569
0.0,0.0,4.76,21.0,1559426509616
0.0,0.0,4.76,21.0,1559426509719
0.0,0.0,4.76,21.0,1559426509818
0.0,0.0,4.76,21.0,1559426509919
35.1631965637207,139.61468505859375,4.76,21.0,1559426509920
0.0,0.0,4.79,21.0,1559426510080
0.0,0.0,4.79,21.0,1559426510122
0.0,0.0,4.79,21.0,1559426510225
0.0,0.0,4.79,21.0,1559426510388
0.0,0.0,4.79,21.0,1559426510426
0.0,0.0,4.79,21.0,1559426510528
0.0,0.0,4.79,21.0,1559426510696
0.0,0.0,4.79,21.0,1559426510732
0.0,0.0,4.79,21.0,1559426510832
0.0,0.0,4.79,21.0,1559426510933
0.0,0.0,4.79,21.0,1559426511034
0.0,0.0,4.79,21.0,1559426511333
0.0,0.0,4.79,21.0,1559426511334
0.0,0.0,4.79,21.0,1559426511339
0.0,0.0,4.79,21.0,1559426511439
0.0,0.0,4.79,21.0,1559426511617
0.0,0.0,4.79,21.0,1559426511642
0.0,0.0,4.79,21.0,1559426511745
0.0,0.0,4.79,21.0,1559426511845
0.0,0.0,4.79,21.0,1559426511946
0.0,0.0,4.79,21.0,1559426512128
0.0,0.0,4.79,21.0,1559426512149
0.0,0.0,4.79,21.0,1559426512250
0.0,0.0,4.79,21.0,1559426512436
0.0,0.0,4.79,21.0,1559426512453
0.0,0.0,4.79,21.0,1559426512555
0.0,0.0,4.79,21.0,1559426512744
0.0,0.0,4.81,21.0,1559426512759
0.0,0.0,4.81,21.0,1559426512858
0.0,0.0,4.81,21.0,1559426513058
0.0,0.0,4.81,21.0,1559426513108
0.0,0.0,4.81,21.0,1559426513162
0.0,0.0,4.81,21.0,1559426513768
0.0,0.0,4.81,21.0,1559426513769
0.0,0.0,4.81,21.0,1559426513769
35.163238525390625,139.6146697998047,4.81,21.0,1559426513779
0.0,0.0,4.81,21.0,1559426513781
0.0,0.0,4.81,21.0,1559426513782
0.0,0.0,4.81,21.0,1559426513786
0.0,0.0,4.81,21.0,1559426513973
0.0,0.0,4.81,21.0,1559426514074
0.0,0.0,4.81,21.0,1559426514281
0.0,0.0,4.81,21.0,1559426514282
0.0,0.0,4.81,21.0,1559426514380
0.0,0.0,4.81,21.0,1559426514479
0.0,0.0,4.81,21.0,1559426514587
0.0,0.0,4.81,21.0,1559426514682
0.0,0.0,4.81,21.0,1559426514785
0.0,0.0,4.81,21.0,1559426514884
0.0,0.0,4.81,21.0,1559426514986
0.0,0.0,4.81,21.0,1559426515099
0.0,0.0,4.81,21.0,1559426515188
0.0,0.0,4.81,21.0,1559426515290
0.0,0.0,4.81,21.0,1559426515406
0.0,0.0,4.81,21.0,1559426515494
0.0,0.0,4.81,21.0,1559426515594
0.0,0.0,4.81,21.0,1559426515713
0.0,0.0,4.81,21.0,1559426515799
0.0,0.0,4.81,21.0,1559426515898
0.0,0.0,4.84,21.0,1559426515999
0.0,0.0,4.84,21.0,1559426516100
35.16326141357422,139.61465454101562,4.84,21.0,1559426516101
0.0,0.0,4.84,21.0,1559426516224
0.0,0.0,4.84,21.0,1559426516303
0.0,0.0,4.84,21.0,1559426516404
0.0,0.0,4.84,21.0,1559426516535
0.0,0.0,4.84,21.0,1559426516607
0.0,0.0,4.84,21.0,1559426516709
0.0,0.0,4.84,21.0,1559426516812
0.0,0.0,4.84,21.0,1559426516911
0.0,0.0,4.84,21.0,1559426517012
0.0,0.0,4.84,21.0,1559426517114
0.0,0.0,4.84,21.0,1559426517249
0.0,0.0,4.84,21.0,1559426517316
0.0,0.0,4.87,21.0,1559426517418
0.0,0.0,4.87,21.0,1559426517556
0.0,0.0,4.87,21.0,1559426517620
0.0,0.0,4.87,21.0,1559426517730
0.0,0.0,4.87,21.0,1559426517864
0.0,0.0,4.87,21.0,1559426517924
0.0,0.0,4.87,21.0,1559426518026
0.0,0.0,4.87,21.0,1559426518171
0.0,0.0,4.87,21.0,1559426518229
0.0,0.0,4.87,21.0,1559426518786
0.0,0.0,4.87,21.0,1559426518786
0.0,0.0,4.87,21.0,1559426518787
0.0,0.0,4.9,21.0,1559426518788
0.0,0.0,4.9,21.0,1559426518789
0.0,0.0,4.9,21.0,1559426518840
0.0,0.0,4.9,21.0,1559426518938
0.0,0.0,4.9,21.0,1559426519040
0.0,0.0,4.9,21.0,1559426519140
0.0,0.0,4.9,21.0,1559426519297
0.0,0.0,4.9,21.0,1559426519343
0.0,0.0,4.9,21.0,1559426519444
0.0,0.0,4.9,21.0,1559426519604
0.0,0.0,4.9,21.0,1559426519647
0.0,0.0,4.9,21.0,1559426519929
0.0,0.0,4.9,21.0,1559426519930
35.163299560546875,139.61460876464844,4.9,21.0,1559426519939
0.0,0.0,4.9,21.0,1559426519951
0.0,0.0,4.9,21.0,1559426520172
0.0,0.0,4.9,21.0,1559426520173
0.0,0.0,4.92,21.0,1559426520292
0.0,0.0,4.92,21.0,1559426520443
0.0,0.0,4.92,21.0,1559426520460
0.0,0.0,4.92,21.0,1559426520828
0.0,0.0,4.92,21.0,1559426520829
0.0,0.0,4.92,21.0,1559426520830
0.0,0.0,4.92,21.0,1559426521028
0.0,0.0,4.92,21.0,1559426521029
0.0,0.0,4.92,21.0,1559426521066
0.0,0.0,4.92,21.0,1559426521298
0.0,0.0,4.92,21.0,1559426521303
0.0,0.0,4.92,21.0,1559426521708
0.0,0.0,4.9,21.0,1559426521708
0.0,0.0,4.9,21.0,1559426521709
0.0,0.0,4.9,21.0,1559426521709
0.0,0.0,4.9,21.0,1559426522290
35.16331481933594,139.61459350585938,4.9,21.0,1559426522294
0.0,0.0,4.9,21.0,1559426522318
0.0,0.0,4.9,21.0,1559426522319
0.0,0.0,4.9,21.0,1559426522319
0.0,0.0,4.9,21.0,1559426522319
0.0,0.0,4.9,21.0,1559426522319
0.0,0.0,4.9,21.0,1559426522525
0.0,0.0,4.9,21.0,1559426522525
0.0,0.0,4.9,21.0,1559426522586
0.0,0.0,4.9,21.0,1559426522823
0.0,0.0,4.9,21.0,1559426522824
0.0,0.0,4.9,21.0,1559426522892
0.0,0.0,4.9,21.0,1559426522992
0.0,0.0,4.9,21.0,1559426523092
0.0,0.0,4.9,21.0,1559426523194
0.0,0.0,4.9,21.0,1559426523295
0.0,0.0,4.9,21.0,1559426523495
0.0,0.0,4.9,21.0,1559426523499
0.0,0.0,4.9,21.0,1559426523599
0.0,0.0,4.9,21.0,1559426523801
0.0,0.0,4.87,21.0,1559426523802
0.0,0.0,4.87,21.0,1559426523905
0.0,0.0,4.87,21.0,1559426524004
0.0,0.0,4.87,21.0,1559426524212
0.0,0.0,4.87,21.0,1559426524216
0.0,0.0,4.87,21.0,1559426524308
0.0,0.0,4.87,21.0,1559426524409
0.0,0.0,4.87,21.0,1559426524511
0.0,0.0,4.87,21.0,1559426524612
0.0,0.0,4.87,21.0,1559426524714
0.0,0.0,4.87,21.0,1559426524815
0.0,0.0,4.87,21.0,1559426524922
0.0,0.0,4.87,21.0,1559426525018
0.0,0.0,4.87,21.0,1559426525134
0.0,0.0,4.87,21.0,1559426525220
0.0,0.0,4.87,21.0,1559426525322
0.0,0.0,4.87,21.0,1559426525441
0.0,0.0,4.87,21.0,1559426525524
0.0,0.0,4.87,21.0,1559426525625
0.0,0.0,4.87,21.0,1559426525748
35.16334533691406,139.6145477294922,4.87,21.0,1559426525748
0.0,0.0,4.87,21.0,1559426525828
0.0,0.0,4.87,21.0,1559426525931
0.0,0.0,4.87,21.0,1559426526031
0.0,0.0,4.87,21.0,1559426526131
0.0,0.0,4.87,21.0,1559426526261
0.0,0.0,4.87,21.0,1559426526333
0.0,0.0,4.87,21.0,1559426526435
0.0,0.0,4.87,21.0,1559426526568
0.0,0.0,4.87,21.0,1559426526638
0.0,0.0,4.87,21.0,1559426526739
0.0,0.0,4.87,21.0,1559426527278
0.0,0.0,4.87,21.0,1559426527279
0.0,0.0,4.87,21.0,1559426527280
0.0,0.0,4.87,21.0,1559426527281
0.0,0.0,4.87,21.0,1559426527281
0.0,0.0,4.87,21.0,1559426527347
0.0,0.0,4.87,21.0,1559426527448
0.0,0.0,4.87,21.0,1559426527550
0.0,0.0,4.87,21.0,1559426527651
0.0,0.0,4.87,21.0,1559426527796
0.0,0.0,4.87,21.0,1559426527853
0.0,0.0,4.87,21.0,1559426528103
0.0,0.0,4.87,21.0,1559426528157
0.0,0.0,4.87,21.0,1559426528259
0.0,0.0,4.87,21.0,1559426528411
0.0,0.0,4.87,21.0,1559426528466
0.0,0.0,4.87,21.0,1559426528563
0.0,0.0,4.87,21.0,1559426528718
0.0,0.0,4.87,21.0,1559426528766
0.0,0.0,4.87,21.0,1559426528867
0.0,0.0,4.87,21.0,1559426529025
0.0,0.0,4.87,21.0,1559426529069
0.0,0.0,4.87,21.0,1559426529171
0.0,0.0,4.87,21.0,1559426529299
0.0,0.0,4.87,21.0,1559426529374
0.0,0.0,4.84,21.0,1559426529475
0.0,0.0,4.84,21.0,1559426529576
0.0,0.0,4.84,21.0,1559426529677
0.0,0.0,4.84,21.0,1559426529782
0.0,0.0,4.84,21.0,1559426529880
0.0,0.0,4.84,21.0,1559426529983
0.0,0.0,4.84,21.0,1559426530083
0.0,0.0,4.84,21.0,1559426530254
0.0,0.0,4.84,21.0,1559426530288
0.0,0.0,4.84,21.0,1559426530387
35.16336441040039,139.61451721191406,4.84,21.0,1559426530387
0.0,0.0,4.81,21.0,1559426530562
0.0,0.0,4.81,21.0,1559426530594
0.0,0.0,4.81,21.0,1559426530691
0.0,0.0,4.81,21.0,1559426530868
0.0,0.0,4.81,21.0,1559426530894
0.0,0.0,4.81,21.0,1559426530997
0.0,0.0,4.81,21.0,1559426531096
0.0,0.0,4.81,21.0,1559426531197
0.0,0.0,4.79,21.0,1559426531381
0.0,0.0,4.79,21.0,1559426531403
0.0,0.0,4.79,21.0,1559426531504
0.0,0.0,4.79,21.0,1559426531688
0.0,0.0,4.79,21.0,1559426531704
0.0,0.0,4.79,21.0,1559426531811
0.0,0.0,4.79,21.0,1559426532366
0.0,0.0,4.79,21.0,1559426532367
0.0,0.0,4.79,21.0,1559426532368
0.0,0.0,4.79,21.0,1559426532368
0.0,0.0,4.79,21.0,1559426532369
0.0,0.0,4.76,21.0,1559426532414
0.0,0.0,4.76,21.0,1559426532515
0.0,0.0,4.76,21.0,1559426532616
0.0,0.0,4.76,21.0,1559426532717
35.16337966918945,139.61448669433594,4.76,21.0,1559426532718
0.0,0.0,4.76,21.0,1559426532916
0.0,0.0,4.76,21.0,1559426532920
0.0,0.0,4.76,21.0,1559426533024
0.0,0.0,4.76,21.0,1559426533224
0.0,0.0,4.76,21.0,1559426533225
0.0,0.0,4.76,21.0,1559426533325
0.0,0.0,4.76,21.0,1559426533531
0.0,0.0,4.73,21.0,1559426533532
0.0,0.0,4.73,21.0,1559426533630
0.0,0.0,4.73,21.0,1559426533730
0.0,0.0,4.73,21.0,1559426533838
0.0,0.0,4.73,21.0,1559426533933
0.0,0.0,4.73,21.0,1559426534036
0.0,0.0,4.73,21.0,1559426534145
0.0,0.0,4.73,21.0,1559426534237
0.0,0.0,4.73,21.0,1559426534339
0.0,0.0,4.73,21.0,1559426534440
0.0,0.0,4.73,21.0,1559426534541
0.0,0.0,4.73,21.0,1559426534643
0.0,0.0,4.73,21.0,1559426534744
0.0,0.0,4.73,21.0,1559426534845
0.0,0.0,4.7,21.0,1559426534946
0.0,0.0,4.7,21.0,1559426535067
35.16339111328125,139.6144561767578,4.7,21.0,1559426535067
0.0,0.0,4.7,21.0,1559426535149
0.0,0.0,4.7,21.0,1559426535250
0.0,0.0,4.7,21.0,1559426535374
0.0,0.0,4.7,21.0,1559426535453
0.0,0.0,4.7,21.0,1559426535554
0.0,0.0,4.7,21.0,1559426535681
0.0,0.0,4.7,21.0,1559426535757
0.0,0.0,4.7,21.0,1559426535858
0.0,0.0,4.7,21.0,1559426535960
0.0,0.0,4.68,21.0,1559426536064
0.0,0.0,4.68,21.0,1559426536162
0.0,0.0,4.68,21.0,1559426536264
0.0,0.0,4.68,21.0,1559426536398
0.0,0.0,4.68,21.0,1559426536466
0.0,0.0,4.68,21.0,1559426536568
0.0,0.0,4.68,21.0,1559426536705
0.0,0.0,4.68,21.0,1559426536771
0.0,0.0,4.68,21.0,1559426536932
0.0,0.0,4.68,21.0,1559426536973
0.0,0.0,4.68,21.0,1559426537076
0.0,0.0,4.68,21.0,1559426537176
0.0,0.0,4.68,21.0,1559426537832
35.16340637207031,139.61441040039062,4.68,21.0,1559426537834
0.0,0.0,4.68,21.0,1559426537845
0.0,0.0,4.68,21.0,1559426537888
0.0,0.0,4.68,21.0,1559426537889
0.0,0.0,4.68,21.0,1559426537889
0.0,0.0,4.68,21.0,1559426537891
0.0,0.0,4.68,21.0,1559426537986
0.0,0.0,4.68,21.0,1559426538089
0.0,0.0,4.68,21.0,1559426538344
0.0,0.0,4.68,21.0,1559426538392
0.0,0.0,4.68,21.0,1559426538493
0.0,0.0,4.68,21.0,1559426538651
0.0,0.0,4.68,21.0,1559426538695
0.0,0.0,4.68,21.0,1559426538797
0.0,0.0,4.68,21.0,1559426538958
0.0,0.0,4.68,21.0,1559426539000
0.0,0.0,4.68,21.0,1559426539103
0.0,0.0,4.68,21.0,1559426539202
0.0,0.0,4.68,21.0,1559426539303
0.0,0.0,4.68,21.0,1559426539509
0.0,0.0,4.68,21.0,1559426539607
0.0,0.0,4.68,21.0,1559426539725
0.0,0.0,4.68,21.0,1559426539893
0.0,0.0,4.68,21.0,1559426539911
0.0,0.0,4.68,21.0,1559426540185
0.0,0.0,4.7,21.0,1559426540185
35.163414001464844,139.6143798828125,4.7,21.0,1559426540186
0.0,0.0,4.7,21.0,1559426540216
0.0,0.0,4.7,21.0,1559426540476
0.0,0.0,4.7,21.0,1559426540477
0.0,0.0,4.7,21.0,1559426540521
0.0,0.0,4.7,21.0,1559426540782
0.0,0.0,4.7,21.0,1559426540782
0.0,0.0,4.7,21.0,1559426540824
0.0,0.0,4.7,21.0,1559426541071
0.0,0.0,4.68,21.0,1559426541082
0.0,0.0,4.68,21.0,1559426541129
0.0,0.0,4.68,21.0,1559426541361
0.0,0.0,4.68,21.0,1559426541361
0.0,0.0,4.68,21.0,1559426541431
0.0,0.0,4.68,21.0,1559426541671
0.0,0.0,4.68,21.0,1559426541671
0.0,0.0,4.68,21.0,1559426541735
0.0,0.0,4.68,21.0,1559426541979
0.0,0.0,4.68,21.0,1559426541980
0.0,0.0,4.68,21.0,1559426542050
0.0,0.0,4.68,21.0,1559426542896
0.0,0.0,4.68,21.0,1559426542898
0.0,0.0,4.68,21.0,1559426542899
0.0,0.0,4.68,21.0,1559426542899
0.0,0.0,4.68,21.0,1559426542900
0.0,0.0,4.68,21.0,1559426542901
0.0,0.0,4.68,21.0,1559426542901
0.0,0.0,4.68,21.0,1559426542906
0.0,0.0,4.68,21.0,1559426542951
0.0,0.0,4.68,21.0,1559426543052
0.0,0.0,4.68,21.0,1559426543156
0.0,0.0,4.68,21.0,1559426543361
0.0,0.0,4.68,21.0,1559426543362
0.0,0.0,4.68,21.0,1559426543458
0.0,0.0,4.68,21.0,1559426543559
0.0,0.0,4.68,21.0,1559426543668
0.0,0.0,4.68,21.0,1559426543762
0.0,0.0,4.68,21.0,1559426543863
0.0,0.0,4.68,21.0,1559426543975
35.163429260253906,139.61431884765625,4.68,21.0,1559426543976
0.0,0.0,4.68,21.0,1559426544066
0.0,0.0,4.68,21.0,1559426544169
0.0,0.0,4.68,21.0,1559426544269
0.0,0.0,4.68,21.0,1559426544370
0.0,0.0,4.68,21.0,1559426544487
0.0,0.0,4.68,21.0,1559426544574
0.0,0.0,4.68,21.0,1559426544674
0.0,0.0,4.7,21.0,1559426544792
0.0,0.0,4.7,21.0,1559426544876
0.0,0.0,4.7,21.0,1559426544979
0.0,0.0,4.7,21.0,1559426545079
0.0,0.0,4.7,21.0,1559426545182
0.0,0.0,4.7,21.0,1559426545307
0.0,0.0,4.7,21.0,1559426545383
0.0,0.0,4.7,21.0,1559426545485
0.0,0.0,4.7,21.0,1559426545614
0.0,0.0,4.7,21.0,1559426545687
0.0,0.0,4.7,21.0,1559426545790
0.0,0.0,4.7,21.0,1559426545921
0.0,0.0,4.68,21.0,1559426545991
0.0,0.0,4.68,21.0,1559426546092
0.0,0.0,4.68,21.0,1559426546196
0.0,0.0,4.7,21.0,1559426546295
0.0,0.0,4.7,21.0,1559426546433
35.16343307495117,139.6143035888672,4.7,21.0,1559426546435
0.0,0.0,4.7,21.0,1559426546498
0.0,0.0,4.7,21.0,1559426546599
0.0,0.0,4.7,21.0,1559426546740
0.0,0.0,4.7,21.0,1559426546801
0.0,0.0,4.7,21.0,1559426546902
0.0,0.0,4.7,21.0,1559426547047
0.0,0.0,4.7,21.0,1559426547105
0.0,0.0,4.7,21.0,1559426547208
0.0,0.0,4.7,21.0,1559426547866
0.0,0.0,4.7,21.0,1559426547867
0.0,0.0,4.7,21.0,1559426547867
0.0,0.0,4.7,21.0,1559426547867
0.0,0.0,4.7,21.0,1559426547867
0.0,0.0,4.7,21.0,1559426547868
0.0,0.0,4.7,21.0,1559426547918
0.0,0.0,4.7,21.0,1559426548016
0.0,0.0,4.7,21.0,1559426548118
0.0,0.0,4.7,21.0,1559426548221
0.0,0.0,4.7,21.0,1559426548320
0.0,0.0,4.7,21.0,1559426548422
0.0,0.0,4.7,21.0,1559426548584
0.0,0.0,4.73,21.0,1559426548626
0.0,0.0,4.73,21.0,1559426548726
0.0,0.0,4.73,21.0,1559426548891
0.0,0.0,4.73,21.0,1559426548928
0.0,0.0,4.73,21.0,1559426549030
0.0,0.0,4.73,21.0,1559426549198
0.0,0.0,4.73,21.0,1559426549235
0.0,0.0,4.73,21.0,1559426549334
0.0,0.0,4.73,21.0,1559426549511
0.0,0.0,4.73,21.0,1559426549537
0.0,0.0,4.73,21.0,1559426549638
0.0,0.0,4.73,21.0,1559426549812
0.0,0.0,4.73,21.0,1559426549841
0.0,0.0,4.73,21.0,1559426549942
35.1634521484375,139.6142578125,4.73,21.0,1559426549942
0.0,0.0,4.73,21.0,1559426550043
0.0,0.0,4.73,21.0,1559426550144
0.0,0.0,4.73,21.0,1559426550324
0.0,0.0,4.73,21.0,1559426550347
0.0,0.0,4.73,21.0,1559426550449
0.0,0.0,4.73,21.0,1559426550639
0.0,0.0,4.76,21.0,1559426550652
0.0,0.0,4.76,21.0,1559426550752
0.0,0.0,4.76,21.0,1559426550938
0.0,0.0,4.76,21.0,1559426550955
0.0,0.0,4.76,21.0,1559426551056
