0.0,0.0,2.87,23.0,1562968946619
0.0,0.0,2.87,23.0,1562968946839
0.0,0.0,2.87,23.0,1562968946921
0.0,0.0,2.87,23.0,1562968946974
0.0,0.0,2.87,23.0,1562968947146
0.0,0.0,2.87,23.0,1562968947175
0.0,0.0,2.87,23.0,1562968947277
0.0,0.0,2.87,23.0,1562968947377
0.0,0.0,2.87,23.0,1562968947479
0.0,0.0,2.87,23.0,1562968947582
0.0,0.0,2.87,23.0,1562968947681
0.0,0.0,2.87,23.0,1562968947862
0.0,0.0,2.87,23.0,1562968947884
0.0,0.0,2.87,23.0,1562968948418
0.0,0.0,2.87,23.0,1562968948420
0.0,0.0,2.87,23.0,1562968948427
0.0,0.0,2.87,23.0,1562968948429
0.0,0.0,2.87,23.0,1562968948430
0.0,0.0,2.87,23.0,1562968948492
0.0,0.0,2.87,23.0,1562968948714
0.0,0.0,2.87,23.0,1562968948716
0.0,0.0,2.87,23.0,1562968948796
0.0,0.0,2.87,23.0,1562968949014
0.0,0.0,2.87,23.0,1562968952023
0.0,0.0,2.87,23.0,1562968952025
0.0,0.0,2.87,23.0,1562968952026
0.0,0.0,2.9,23.0,1562968952027
0.0,0.0,2.9,23.0,1562968952029
0.0,0.0,2.9,23.0,1562968952031
0.0,0.0,2.9,23.0,1562968952033
0.0,0.0,2.9,23.0,1562968952040
0.0,0.0,2.9,23.0,1562968952041
0.0,0.0,2.9,23.0,1562968952042
0.0,0.0,2.9,23.0,1562968952043
0.0,0.0,2.9,23.0,1562968952044
0.0,0.0,2.9,23.0,1562968952045
0.0,0.0,2.9,23.0,1562968952046
0.0,0.0,2.9,23.0,1562968952047
0.0,0.0,2.9,23.0,1562968952048
0.0,0.0,2.9,23.0,1562968952049
0.0,0.0,2.9,23.0,1562968952050
0.0,0.0,2.9,23.0,1562968952052
0.0,0.0,2.9,23.0,1562968952053
0.0,0.0,2.9,23.0,1562968952054
0.0,0.0,2.9,23.0,1562968952055
0.0,0.0,2.9,23.0,1562968952056
0.0,0.0,2.9,23.0,1562968952057
0.0,0.0,2.9,23.0,1562968952058
0.0,0.0,2.9,23.0,1562968952060
0.0,0.0,2.9,23.0,1562968952061
0.0,0.0,2.9,23.0,1562968952063
0.0,0.0,2.9,23.0,1562968952066
0.0,0.0,2.9,23.0,1562968952068
0.0,0.0,2.9,23.0,1562968952071
0.0,0.0,2.9,23.0,1562968952140
0.0,0.0,2.9,23.0,1562968952240
0.0,0.0,2.9,23.0,1562968952341
0.0,0.0,2.9,23.0,1562968952472
0.0,0.0,2.9,23.0,1562968952544
0.0,0.0,2.9,23.0,1562968952647
0.0,0.0,2.9,23.0,1562968952778
35.16226577758789,139.6156768798828,2.9,23.0,1562968956418
0.0,0.0,2.9,23.0,1562968956440
0.0,0.0,2.9,23.0,1562968956442
0.0,0.0,2.9,23.0,1562968956443
0.0,0.0,2.9,23.0,1562968956444
0.0,0.0,2.9,23.0,1562968956448
0.0,0.0,2.9,23.0,1562968956451
0.0,0.0,2.9,23.0,1562968956452
0.0,0.0,2.9,23.0,1562968956453
0.0,0.0,2.9,23.0,1562968956454
0.0,0.0,2.9,23.0,1562968956455
0.0,0.0,2.9,23.0,1562968956456
0.0,0.0,2.9,23.0,1562968956459
0.0,0.0,2.9,23.0,1562968956460
0.0,0.0,2.9,23.0,1562968956461
0.0,0.0,2.9,23.0,1562968956462
0.0,0.0,2.9,23.0,1562968956464
0.0,0.0,2.9,23.0,1562968956465
0.0,0.0,2.9,23.0,1562968956469
0.0,0.0,2.9,23.0,1562968956470
0.0,0.0,2.9,23.0,1562968956471
0.0,0.0,2.9,23.0,1562968956472
0.0,0.0,2.9,23.0,1562968956474
0.0,0.0,2.9,23.0,1562968956475
0.0,0.0,2.9,23.0,1562968956476
0.0,0.0,2.9,23.0,1562968956477
0.0,0.0,2.9,23.0,1562968956478
0.0,0.0,2.9,23.0,1562968956480
0.0,0.0,2.9,23.0,1562968956481
0.0,0.0,2.9,23.0,1562968956482
0.0,0.0,2.9,23.0,1562968956483
0.0,0.0,2.9,23.0,1562968956484
0.0,0.0,2.9,23.0,1562968956485
0.0,0.0,2.9,23.0,1562968956486
0.0,0.0,2.9,23.0,1562968956488
0.0,0.0,2.87,23.0,1562968956490
0.0,0.0,2.87,23.0,1562968956556
0.0,0.0,2.87,23.0,1562968956557
0.0,0.0,2.87,23.0,1562968956596
0.0,0.0,2.87,23.0,1562968956857
0.0,0.0,2.87,23.0,1562968956859
0.0,0.0,2.87,23.0,1562968956899
35.16225051879883,139.61566162109375,2.87,23.0,1562968957141
35.162235260009766,139.61566162109375,2.87,23.0,1562968957142
0.0,0.0,2.87,23.0,1562968957163
0.0,0.0,2.87,23.0,1562968957164
0.0,0.0,2.87,23.0,1562968957203
0.0,0.0,2.87,23.0,1562968957304
0.0,0.0,2.87,23.0,1562968957405
0.0,0.0,2.87,23.0,1562968957591
0.0,0.0,2.87,23.0,1562968957608
0.0,0.0,2.87,23.0,1562968957711
0.0,0.0,2.87,23.0,1562968958409
0.0,0.0,2.87,23.0,1562968958410
0.0,0.0,2.87,23.0,1562968958410
0.0,0.0,2.87,23.0,1562968958413
0.0,0.0,2.87,23.0,1562968958414
0.0,0.0,2.87,23.0,1562968958419
0.0,0.0,2.87,23.0,1562968958520
0.0,0.0,2.87,23.0,1562968958622
0.0,0.0,2.9,23.0,1562968958724
0.0,0.0,2.9,23.0,1562968958921
0.0,0.0,2.9,23.0,1562968958929
0.0,0.0,2.9,23.0,1562968959026
0.0,0.0,2.9,23.0,1562968959206
0.0,0.0,2.9,23.0,1562968959229
0.0,0.0,2.9,23.0,1562968959330
0.0,0.0,2.9,23.0,1562968959431
0.0,0.0,2.9,23.0,1562968959533
35.162235260009766,139.61566162109375,2.9,23.0,1562968959534
0.0,0.0,2.9,23.0,1562968959638
0.0,0.0,2.9,23.0,1562968959739
0.0,0.0,2.9,23.0,1562968959837
0.0,0.0,2.9,23.0,1562968959946
0.0,0.0,2.9,23.0,1562968960039
0.0,0.0,2.9,23.0,1562968960140
0.0,0.0,2.9,23.0,1562968960253
0.0,0.0,2.9,23.0,1562968960343
0.0,0.0,2.9,23.0,1562968960444
0.0,0.0,2.9,23.0,1562968960560
0.0,0.0,2.9,23.0,1562968960647
0.0,0.0,2.92,23.0,1562968960750
0.0,0.0,2.92,23.0,1562968960868
0.0,0.0,2.92,23.0,1562968960951
0.0,0.0,2.92,23.0,1562968961052
0.0,0.0,2.92,23.0,1562968961175
0.0,0.0,2.92,23.0,1562968961255
0.0,0.0,2.92,23.0,1562968961357
0.0,0.0,2.92,23.0,1562968961459
0.0,0.0,2.92,23.0,1562968961559
0.0,0.0,2.92,23.0,1562968961687
0.0,0.0,2.92,23.0,1562968961764
35.1622314453125,139.61566162109375,2.92,23.0,1562968961765
0.0,0.0,2.92,23.0,1562968961863
0.0,0.0,2.92,23.0,1562968961994
0.0,0.0,2.92,23.0,1562968962065
0.0,0.0,2.92,23.0,1562968962166
0.0,0.0,2.92,23.0,1562968962271
0.0,0.0,2.92,23.0,1562968962370
0.0,0.0,2.92,23.0,1562968962507
0.0,0.0,2.92,23.0,1562968962572
0.0,0.0,2.92,23.0,1562968962673
0.0,0.0,2.92,23.0,1562968962813
0.0,0.0,2.95,23.0,1562968962876
0.0,0.0,2.92,23.0,1562968963453
0.0,0.0,2.92,23.0,1562968963454
0.0,0.0,2.92,23.0,1562968963454
0.0,0.0,2.92,23.0,1562968963455
0.0,0.0,2.92,23.0,1562968963456
0.0,0.0,2.92,23.0,1562968963485
0.0,0.0,2.92,23.0,1562968963585
0.0,0.0,2.92,23.0,1562968963686
0.0,0.0,2.92,23.0,1562968963789
0.0,0.0,2.92,23.0,1562968963940
0.0,0.0,2.92,23.0,1562968963990
0.0,0.0,2.92,23.0,1562968964091
35.1622314453125,139.6156463623047,2.92,23.0,1562968964092
0.0,0.0,2.92,23.0,1562968964247
0.0,0.0,2.9,23.0,1562968964294
0.0,0.0,2.9,23.0,1562968964395
0.0,0.0,2.9,23.0,1562968964496
0.0,0.0,2.9,23.0,1562968964597
0.0,0.0,2.9,23.0,1562968964760
0.0,0.0,2.9,23.0,1562968964802
0.0,0.0,2.9,23.0,1562968964904
0.0,0.0,2.9,23.0,1562968965064
0.0,0.0,2.9,23.0,1562968965104
0.0,0.0,2.9,23.0,1562968965205
0.0,0.0,2.9,23.0,1562968965373
0.0,0.0,2.9,23.0,1562968965408
0.0,0.0,2.9,23.0,1562968965509
0.0,0.0,2.9,23.0,1562968965610
0.0,0.0,2.9,23.0,1562968965711
0.0,0.0,2.9,23.0,1562968965885
0.0,0.0,2.9,23.0,1562968965914
0.0,0.0,2.9,23.0,1562968966015
0.0,0.0,2.9,23.0,1562968966192
0.0,0.0,2.9,23.0,1562968966218
0.0,0.0,2.9,23.0,1562968966319
0.0,0.0,2.9,23.0,1562968966500
35.1622314453125,139.6156463623047,2.9,23.0,1562968966500
0.0,0.0,2.9,23.0,1562968966523
0.0,0.0,2.9,23.0,1562968966791
0.0,0.0,2.9,23.0,1562968966792
0.0,0.0,2.9,23.0,1562968966827
0.0,0.0,2.9,23.0,1562968967083
0.0,0.0,2.9,23.0,1562968967084
0.0,0.0,2.9,23.0,1562968967129
0.0,0.0,2.9,23.0,1562968967388
0.0,0.0,2.9,23.0,1562968967388
0.0,0.0,2.9,23.0,1562968967433
0.0,0.0,2.9,23.0,1562968967675
0.0,0.0,2.9,23.0,1562968967676
0.0,0.0,2.9,23.0,1562968967738
0.0,0.0,2.9,23.0,1562968968052
0.0,0.0,2.9,23.0,1562968968053
0.0,0.0,2.9,23.0,1562968968053
0.0,0.0,2.9,23.0,1562968968282
0.0,0.0,2.92,23.0,1562968968283
0.0,0.0,2.92,23.0,1562968968345
0.0,0.0,2.9,23.0,1562968968588
0.0,0.0,2.9,23.0,1562968968601
0.0,0.0,2.9,23.0,1562968968649
0.0,0.0,2.92,23.0,1562968969196
0.0,0.0,2.92,23.0,1562968969197
0.0,0.0,2.92,23.0,1562968969197
35.1622314453125,139.6156463623047,2.92,23.0,1562968969199
0.0,0.0,2.92,23.0,1562968969203
0.0,0.0,2.92,23.0,1562968969204
0.0,0.0,2.92,23.0,1562968969258
0.0,0.0,2.92,23.0,1562968969499
0.0,0.0,2.92,23.0,1562968969500
0.0,0.0,2.92,23.0,1562968969561
0.0,0.0,2.92,23.0,1562968969662
0.0,0.0,2.92,23.0,1562968969763
0.0,0.0,2.92,23.0,1562968969867
0.0,0.0,2.92,23.0,1562968969967
0.0,0.0,2.92,23.0,1562968970084
0.0,0.0,2.92,23.0,1562968970169
0.0,0.0,2.92,23.0,1562968970271
0.0,0.0,2.92,23.0,1562968970371
0.0,0.0,2.92,23.0,1562968970473
0.0,0.0,2.92,23.0,1562968970574
0.0,0.0,2.92,23.0,1562968970675
0.0,0.0,2.92,23.0,1562968970800
0.0,0.0,2.92,23.0,1562968970880
0.0,0.0,2.92,23.0,1562968970979
0.0,0.0,2.92,23.0,1562968971106
0.0,0.0,2.92,23.0,1562968971182
0.0,0.0,2.92,23.0,1562968971283
0.0,0.0,2.92,23.0,1562968971415
0.0,0.0,2.92,23.0,1562968971486
0.0,0.0,2.92,23.0,1562968971587
0.0,0.0,2.92,23.0,1562968971723
0.0,0.0,2.92,23.0,1562968971789
0.0,0.0,2.92,23.0,1562968971893
0.0,0.0,2.92,23.0,1562968972029
0.0,0.0,2.92,23.0,1562968972093
0.0,0.0,2.92,23.0,1562968972196
0.0,0.0,2.92,23.0,1562968972296
0.0,0.0,2.92,23.0,1562968972397
0.0,0.0,2.92,23.0,1562968972556
0.0,0.0,2.92,23.0,1562968972600
35.162235260009766,139.6156463623047,2.92,23.0,1562968972600
0.0,0.0,2.92,23.0,1562968972701
0.0,0.0,2.9,23.0,1562968972848
0.0,0.0,2.9,23.0,1562968972905
0.0,0.0,2.9,23.0,1562968973005
0.0,0.0,2.9,23.0,1562968973229
0.0,0.0,2.9,23.0,1562968973230
0.0,0.0,2.9,23.0,1562968973309
0.0,0.0,2.9,23.0,1562968973411
0.0,0.0,2.9,23.0,1562968973511
0.0,0.0,2.9,23.0,1562968973612
0.0,0.0,2.9,23.0,1562968974282
0.0,0.0,2.9,23.0,1562968974283
0.0,0.0,2.9,23.0,1562968974283
0.0,0.0,2.9,23.0,1562968974284
0.0,0.0,2.9,23.0,1562968974284
0.0,0.0,2.9,23.0,1562968974285
0.0,0.0,2.92,23.0,1562968974322
0.0,0.0,2.92,23.0,1562968974423
0.0,0.0,2.92,23.0,1562968974526
0.0,0.0,2.92,23.0,1562968974626
0.0,0.0,2.92,23.0,1562968974727
0.0,0.0,2.92,23.0,1562968974828
0.0,0.0,2.92,23.0,1562968974999
35.16223907470703,139.6156463623047,2.92,23.0,1562968974999
0.0,0.0,2.92,23.0,1562968975032
0.0,0.0,2.92,23.0,1562968975132
0.0,0.0,2.92,23.0,1562968975306
0.0,0.0,2.92,23.0,1562968975335
0.0,0.0,2.92,23.0,1562968975436
0.0,0.0,2.9,23.0,1562968975584
0.0,0.0,2.9,23.0,1562968975638
0.0,0.0,2.9,23.0,1562968975741
0.0,0.0,2.9,23.0,1562968975841
0.0,0.0,2.9,23.0,1562968975944
0.0,0.0,2.9,23.0,1562968976125
0.0,0.0,2.9,23.0,1562968976145
0.0,0.0,2.9,23.0,1562968976246
0.0,0.0,2.9,23.0,1562968976433
0.0,0.0,2.9,23.0,1562968976448
0.0,0.0,2.9,23.0,1562968976550
0.0,0.0,2.9,23.0,1562968976740
0.0,0.0,2.9,23.0,1562968976753
0.0,0.0,2.9,23.0,1562968976853
0.0,0.0,2.9,23.0,1562968977047
0.0,0.0,2.9,23.0,1562968977056
0.0,0.0,2.9,23.0,1562968977157
0.0,0.0,2.87,23.0,1562968977260
0.0,0.0,2.87,23.0,1562968977361
0.0,0.0,2.84,23.0,1562968977559
0.0,0.0,2.87,23.0,1562968977562
0.0,0.0,2.84,23.0,1562968977664
0.0,0.0,2.84,23.0,1562968977866
0.0,0.0,2.84,23.0,1562968977881
0.0,0.0,2.84,23.0,1562968977970
0.0,0.0,2.84,23.0,1562968978173
0.0,0.0,2.84,23.0,1562968978174
0.0,0.0,2.84,23.0,1562968978373
35.16224670410156,139.6156463623047,2.84,23.0,1562968978374
0.0,0.0,2.84,23.0,1562968978474
0.0,0.0,2.84,23.0,1562968978581
0.0,0.0,2.84,23.0,1562968978677
0.0,0.0,2.84,23.0,1562968979196
0.0,0.0,2.84,23.0,1562968979196
0.0,0.0,2.84,23.0,1562968979197
0.0,0.0,2.84,23.0,1562968979197
0.0,0.0,2.82,23.0,1562968979197
0.0,0.0,2.82,23.0,1562968979285
0.0,0.0,2.82,23.0,1562968979386
0.0,0.0,2.82,23.0,1562968979487
0.0,0.0,2.82,23.0,1562968979588
0.0,0.0,2.82,23.0,1562968979690
0.0,0.0,2.79,23.0,1562968979791
0.0,0.0,2.79,23.0,1562968979914
0.0,0.0,2.79,23.0,1562968979996
0.0,0.0,2.79,23.0,1562968980095
0.0,0.0,2.79,23.0,1562968980221
0.0,0.0,2.79,23.0,1562968980298
0.0,0.0,2.76,23.0,1562968980400
0.0,0.0,2.76,23.0,1562968980528
0.0,0.0,2.76,23.0,1562968980601
0.0,0.0,2.76,23.0,1562968980703
0.0,0.0,2.76,23.0,1562968980804
0.0,0.0,2.73,23.0,1562968980905
0.0,0.0,2.73,23.0,1562968981040
0.0,0.0,2.73,23.0,1562968981108
0.0,0.0,2.71,23.0,1562968981209
0.0,0.0,2.71,23.0,1562968981346
0.0,0.0,2.68,23.0,1562968981412
0.0,0.0,2.68,23.0,1562968981512
0.0,0.0,2.68,23.0,1562968981655
0.0,0.0,2.68,23.0,1562968981715
0.0,0.0,2.65,23.0,1562968981816
0.0,0.0,2.65,23.0,1562968981962
0.0,0.0,2.62,23.0,1562968982021
0.0,0.0,2.62,23.0,1562968982140
0.0,0.0,2.62,23.0,1562968982229
0.0,0.0,2.62,23.0,1562968982323
0.0,0.0,2.62,23.0,1562968982424
0.0,0.0,2.62,23.0,1562968982526
0.0,0.0,2.62,23.0,1562968982627
0.0,0.0,2.6,23.0,1562968982781
0.0,0.0,2.6,23.0,1562968982829
0.0,0.0,2.6,23.0,1562968982931
0.0,0.0,2.6,23.0,1562968983088
35.16224670410156,139.61566162109375,2.6,23.0,1562968983089
0.0,0.0,2.62,23.0,1562968983133
0.0,0.0,2.62,23.0,1562968983234
0.0,0.0,2.6,23.0,1562968983336
0.0,0.0,2.6,23.0,1562968983438
0.0,0.0,2.62,23.0,1562968983600
0.0,0.0,2.62,23.0,1562968983652
0.0,0.0,2.62,23.0,1562968984215
0.0,0.0,2.6,23.0,1562968984229
0.0,0.0,2.6,23.0,1562968984230
0.0,0.0,2.6,23.0,1562968984230
0.0,0.0,2.6,23.0,1562968984230
0.0,0.0,2.6,23.0,1562968984248
0.0,0.0,2.57,23.0,1562968984349
0.0,0.0,2.57,23.0,1562968984450
0.0,0.0,2.57,23.0,1562968984551
0.0,0.0,2.6,23.0,1562968984653
0.0,0.0,2.6,23.0,1562968984754
0.0,0.0,2.6,23.0,1562968984931
0.0,0.0,2.57,23.0,1562968984956
0.0,0.0,2.57,23.0,1562968985060
0.0,0.0,2.57,23.0,1562968985239
0.0,0.0,2.57,23.0,1562968985261
0.0,0.0,2.6,23.0,1562968985362
0.0,0.0,2.57,23.0,1562968985544
0.0,0.0,2.57,23.0,1562968985564
0.0,0.0,2.57,23.0,1562968985667
0.0,0.0,2.57,23.0,1562968985768
0.0,0.0,2.57,23.0,1562968985869
0.0,0.0,2.57,23.0,1562968986058
0.0,0.0,2.57,23.0,1562968986074
0.0,0.0,2.57,23.0,1562968986173
0.0,0.0,2.57,23.0,1562968986365
0.0,0.0,2.54,23.0,1562968986376
0.0,0.0,2.54,23.0,1562968986477
0.0,0.0,2.54,23.0,1562968986671
35.1622428894043,139.61566162109375,2.54,23.0,1562968986672
0.0,0.0,2.54,23.0,1562968986679
0.0,0.0,2.51,23.0,1562968986780
0.0,0.0,2.51,23.0,1562968986980
0.0,0.0,2.51,23.0,1562968986983
0.0,0.0,2.51,23.0,1562968987087
0.0,0.0,2.51,23.0,1562968987252
0.0,0.0,2.51,23.0,1562968987287
0.0,0.0,2.51,23.0,1562968987518
0.0,0.0,2.51,23.0,1562968987519
0.0,0.0,2.49,23.0,1562968987591
0.0,0.0,2.51,23.0,1562968987819
0.0,0.0,2.51,23.0,1562968987820
0.0,0.0,2.49,23.0,1562968987895
0.0,0.0,2.49,23.0,1562968988109
0.0,0.0,2.49,23.0,1562968988110
0.0,0.0,2.49,23.0,1562968988199
0.0,0.0,2.49,23.0,1562968988401
0.0,0.0,2.46,23.0,1562968988404
0.0,0.0,2.46,23.0,1562968988503
0.0,0.0,2.43,23.0,1562968988686
0.0,0.0,2.43,23.0,1562968989275
0.0,0.0,2.4,23.0,1562968989276
0.0,0.0,2.38,23.0,1562968989277
0.0,0.0,2.38,23.0,1562968989277
0.0,0.0,2.38,23.0,1562968989277
0.0,0.0,2.38,23.0,1562968989277
0.0,0.0,2.38,23.0,1562968989313
0.0,0.0,2.38,23.0,1562968989570
0.0,0.0,2.38,23.0,1562968989570
0.0,0.0,2.38,22.0,1562968989629
0.0,0.0,2.35,22.0,1562968989876
0.0,0.0,2.32,22.0,1562968989877
0.0,0.0,2.32,22.0,1562968989921
0.0,0.0,2.32,22.0,1562968990177
0.0,0.0,2.32,22.0,1562968990178
0.0,0.0,2.32,22.0,1562968990225
0.0,0.0,2.29,22.0,1562968990485
35.1622428894043,139.61566162109375,2.29,22.0,1562968990487
0.0,0.0,2.29,22.0,1562968990501
0.0,0.0,2.29,22.0,1562968990528
0.0,0.0,2.29,22.0,1562968990629
0.0,0.0,2.29,22.0,1562968990730
0.0,0.0,2.29,22.0,1562968990832
0.0,0.0,2.29,22.0,1562968990933
0.0,0.0,2.29,22.0,1562968991178
0.0,0.0,2.27,22.0,1562968991179
0.0,0.0,2.27,22.0,1562968991237
0.0,0.0,2.27,22.0,1562968991338
0.0,0.0,2.27,22.0,1562968991483
0.0,0.0,2.27,22.0,1562968991541
0.0,0.0,2.27,22.0,1562968991642
0.0,0.0,2.29,22.0,1562968991792
0.0,0.0,2.29,22.0,1562968991845
0.0,0.0,2.29,22.0,1562968991946
0.0,0.0,2.32,22.0,1562968992100
0.0,0.0,2.32,22.0,1562968992150
0.0,0.0,2.35,22.0,1562968992250
0.0,0.0,2.35,22.0,1562968992372
0.0,0.0,2.32,22.0,1562968992452
0.0,0.0,2.32,22.0,1562968992554
0.0,0.0,2.32,22.0,1562968992655
0.0,0.0,2.32,22.0,1562968992759
0.0,0.0,2.32,22.0,1562968992918
0.0,0.0,2.35,22.0,1562968992959
0.0,0.0,2.38,22.0,1562968993060
0.0,0.0,2.38,22.0,1562968993226
0.0,0.0,2.38,22.0,1562968993265
0.0,0.0,2.38,22.0,1562968993364
0.0,0.0,2.38,22.0,1562968993465
0.0,0.0,2.38,22.0,1562968993567
0.0,0.0,2.38,22.0,1562968994250
0.0,0.0,2.38,22.0,1562968994251
0.0,0.0,2.4,22.0,1562968994252
0.0,0.0,2.38,22.0,1562968994252
0.0,0.0,2.4,22.0,1562968994252
0.0,0.0,2.38,22.0,1562968994254
0.0,0.0,2.43,22.0,1562968994276
0.0,0.0,2.43,22.0,1562968994442
0.0,0.0,2.43,22.0,1562968994483
0.0,0.0,2.43,22.0,1562968994579
0.0,0.0,2.49,23.0,1562968994681
0.0,0.0,2.49,23.0,1562968994782
0.0,0.0,2.51,23.0,1562968994884
0.0,0.0,2.54,23.0,1562968995069
0.0,0.0,2.57,23.0,1562968995087
0.0,0.0,2.57,23.0,1562968995189
0.0,0.0,2.6,23.0,1562968995376
0.0,0.0,2.6,23.0,1562968995390
35.162254333496094,139.6156768798828,2.6,23.0,1562968995403
0.0,0.0,2.62,23.0,1562968995491
0.0,0.0,2.68,23.0,1562968995634
0.0,0.0,2.68,23.0,1562968995694
0.0,0.0,2.68,23.0,1562968995795
0.0,0.0,2.68,23.0,1562968995896
0.0,0.0,2.71,23.0,1562968995998
0.0,0.0,2.73,23.0,1562968996299
0.0,0.0,2.76,23.0,1562968996300
0.0,0.0,2.79,23.0,1562968996307
0.0,0.0,2.82,23.0,1562968996407
0.0,0.0,2.84,23.0,1562968996605
0.0,0.0,2.87,23.0,1562968996621
0.0,0.0,2.87,23.0,1562968996707
0.0,0.0,2.92,23.0,1562968996912
0.0,0.0,2.95,23.0,1562968996913
0.0,0.0,2.98,23.0,1562968997011
0.0,0.0,3.01,23.0,1562968997115
0.0,0.0,3.03,23.0,1562968997323
0.0,0.0,3.06,23.0,1562968997324
0.0,0.0,3.12,23.0,1562968997416
0.0,0.0,3.12,23.0,1562968997518
0.0,0.0,3.14,23.0,1562968997619
0.0,0.0,3.17,23.0,1562968997720
0.0,0.0,3.2,23.0,1562968997834
0.0,0.0,3.2,23.0,1562968997923
0.0,0.0,3.23,23.0,1562968998024
0.0,0.0,3.23,23.0,1562968998141
0.0,0.0,3.25,23.0,1562968998229
0.0,0.0,3.25,23.0,1562968998329
0.0,0.0,3.28,23.0,1562968998448
0.0,0.0,3.31,23.0,1562968998531
0.0,0.0,3.31,23.0,1562968998632
0.0,0.0,3.31,23.0,1562968998772
0.0,0.0,3.31,23.0,1562968998835
35.162288665771484,139.6156768798828,3.31,23.0,1562968998836
0.0,0.0,3.34,23.0,1562968998960
0.0,0.0,3.36,23.0,1562968999037
0.0,0.0,3.39,23.0,1562968999139
0.0,0.0,3.39,23.0,1562968999702
0.0,0.0,3.42,23.0,1562968999732
0.0,0.0,3.42,23.0,1562968999732
0.0,0.0,3.42,23.0,1562968999733
0.0,0.0,3.44,23.0,1562968999734
0.0,0.0,3.44,23.0,1562968999747
0.0,0.0,3.47,22.0,1562968999848
0.0,0.0,3.47,22.0,1562968999950
0.0,0.0,3.47,22.0,1562969000052
0.0,0.0,3.5,22.0,1562969000189
0.0,0.0,3.5,22.0,1562969000255
0.0,0.0,3.5,22.0,1562969000355
0.0,0.0,3.5,22.0,1562969000496
0.0,0.0,3.5,22.0,1562969000557
0.0,0.0,3.53,22.0,1562969000659
0.0,0.0,3.53,22.0,1562969000760
0.0,0.0,3.53,22.0,1562969000861
0.0,0.0,3.53,22.0,1562969001008
0.0,0.0,3.53,22.0,1562969001064
0.0,0.0,3.53,22.0,1562969001165
0.0,0.0,3.53,22.0,1562969001418
0.0,0.0,3.53,22.0,1562969001419
0.0,0.0,3.53,22.0,1562969001470
0.0,0.0,3.53,22.0,1562969001570
0.0,0.0,3.53,22.0,1562969001725
0.0,0.0,3.53,22.0,1562969001773
0.0,0.0,3.53,22.0,1562969001874
0.0,0.0,3.53,22.0,1562969002032
0.0,0.0,3.53,22.0,1562969002077
0.0,0.0,3.53,22.0,1562969002178
0.0,0.0,3.53,22.0,1562969002339
35.162330627441406,139.61566162109375,3.53,22.0,1562969002340
0.0,0.0,3.55,22.0,1562969002382
0.0,0.0,3.55,22.0,1562969002482
0.0,0.0,3.55,22.0,1562969002584
0.0,0.0,3.55,22.0,1562969002685
0.0,0.0,3.55,22.0,1562969002852
0.0,0.0,3.55,22.0,1562969002890
0.0,0.0,3.55,22.0,1562969002989
0.0,0.0,3.55,22.0,1562969003158
0.0,0.0,3.55,22.0,1562969003192
0.0,0.0,3.55,22.0,1562969003300
0.0,0.0,3.55,22.0,1562969003466
0.0,0.0,3.55,22.0,1562969003495
0.0,0.0,3.55,22.0,1562969003596
0.0,0.0,3.55,22.0,1562969003698
0.0,0.0,3.55,22.0,1562969003799
0.0,0.0,3.55,22.0,1562969003978
0.0,0.0,3.58,22.0,1562969004002
0.0,0.0,3.58,22.0,1562969004103
0.0,0.0,3.58,22.0,1562969004754
0.0,0.0,3.58,22.0,1562969004755
0.0,0.0,3.58,22.0,1562969004760
0.0,0.0,3.58,22.0,1562969004761
0.0,0.0,3.61,22.0,1562969004762
0.0,0.0,3.61,22.0,1562969004762
0.0,0.0,3.61,22.0,1562969004814
0.0,0.0,3.61,22.0,1562969004915
0.0,0.0,3.61,22.0,1562969005016
0.0,0.0,3.61,22.0,1562969005117
0.0,0.0,3.61,22.0,1562969005310
0.0,0.0,3.61,22.0,1562969005322
0.0,0.0,3.61,22.0,1562969005421
0.0,0.0,3.64,22.0,1562969005618
0.0,0.0,3.64,22.0,1562969005624
0.0,0.0,3.64,22.0,1562969005726
0.0,0.0,3.64,22.0,1562969005827
0.0,0.0,3.64,22.0,1562969005928
0.0,0.0,3.64,22.0,1562969006128
0.0,0.0,3.64,22.0,1562969006133
0.0,0.0,3.64,22.0,1562969006232
0.0,0.0,3.64,22.0,1562969006335
0.0,0.0,3.66,22.0,1562969006536
0.0,0.0,3.66,22.0,1562969006637
0.0,0.0,3.66,22.0,1562969006845
0.0,0.0,3.66,22.0,1562969006846
0.0,0.0,3.66,22.0,1562969006941
35.16237258911133,139.61566162109375,3.66,22.0,1562969006942
0.0,0.0,3.69,22.0,1562969007044
0.0,0.0,3.69,22.0,1562969007152
0.0,0.0,3.69,22.0,1562969007245
0.0,0.0,3.69,22.0,1562969007348
0.0,0.0,3.69,22.0,1562969007536
0.0,0.0,3.69,22.0,1562969007549
0.0,0.0,3.69,22.0,1562969007650
0.0,0.0,3.72,22.0,1562969007834
0.0,0.0,3.72,22.0,1562969007854
0.0,0.0,3.72,22.0,1562969007954
0.0,0.0,3.72,22.0,1562969008115
0.0,0.0,3.72,22.0,1562969008157
0.0,0.0,3.75,22.0,1562969008420
0.0,0.0,3.75,22.0,1562969008420
0.0,0.0,3.75,22.0,1562969008461
0.0,0.0,3.75,22.0,1562969008717
0.0,0.0,3.77,22.0,1562969008718
0.0,0.0,3.77,22.0,1562969008765
0.0,0.0,3.77,22.0,1562969009014
0.0,0.0,3.77,22.0,1562969009034
0.0,0.0,3.8,22.0,1562969009069
0.0,0.0,3.8,22.0,1562969009701
0.0,0.0,3.8,22.0,1562969009702
0.0,0.0,3.83,22.0,1562969009703
0.0,0.0,3.83,22.0,1562969009704
0.0,0.0,3.83,22.0,1562969009705
0.0,0.0,3.83,22.0,1562969009705
0.0,0.0,3.83,22.0,1562969009931
0.0,0.0,3.86,22.0,1562969009934
0.0,0.0,3.86,22.0,1562969009981
0.0,0.0,3.86,22.0,1562969010233
0.0,0.0,3.86,22.0,1562969010233
0.0,0.0,3.86,22.0,1562969010289
0.0,0.0,3.86,22.0,1562969010543
0.0,0.0,3.88,22.0,1562969010543
0.0,0.0,3.88,22.0,1562969010589
0.0,0.0,3.88,22.0,1562969010690
0.0,0.0,3.88,22.0,1562969010791
35.16241455078125,139.61563110351562,3.88,22.0,1562969010811
0.0,0.0,3.88,22.0,1562969010892
0.0,0.0,3.88,22.0,1562969010994
0.0,0.0,3.88,22.0,1562969011146
0.0,0.0,3.88,22.0,1562969011196
0.0,0.0,3.88,22.0,1562969011306
0.0,0.0,3.88,22.0,1562969011453
0.0,0.0,3.88,22.0,1562969011500
0.0,0.0,3.91,22.0,1562969011603
0.0,0.0,3.91,22.0,1562969011759
0.0,0.0,3.91,22.0,1562969011805
0.0,0.0,3.91,22.0,1562969011906
0.0,0.0,3.91,22.0,1562969012068
0.0,0.0,3.91,22.0,1562969012111
0.0,0.0,3.91,22.0,1562969012210
0.0,0.0,3.91,22.0,1562969012374
0.0,0.0,3.91,22.0,1562969012415
0.0,0.0,3.91,22.0,1562969012513
0.0,0.0,3.91,22.0,1562969012640
0.0,0.0,3.91,22.0,1562969012717
0.0,0.0,3.91,22.0,1562969012817
0.0,0.0,3.91,22.0,1562969012919
0.0,0.0,3.91,22.0,1562969013020
0.0,0.0,3.91,22.0,1562969013194
35.162437438964844,139.61561584472656,3.91,22.0,1562969013195
0.0,0.0,3.91,22.0,1562969013224
0.0,0.0,3.91,22.0,1562969013324
0.0,0.0,3.91,22.0,1562969013501
0.0,0.0,3.91,22.0,1562969013527
0.0,0.0,3.91,22.0,1562969013628
0.0,0.0,3.91,22.0,1562969013729
0.0,0.0,3.91,22.0,1562969013831
0.0,0.0,3.91,22.0,1562969014013
0.0,0.0,3.91,22.0,1562969014033
0.0,0.0,3.91,22.0,1562969014134
0.0,0.0,3.91,22.0,1562969014730
0.0,0.0,3.94,22.0,1562969014730
0.0,0.0,3.94,22.0,1562969014730
0.0,0.0,3.94,22.0,1562969014731
0.0,0.0,3.94,22.0,1562969014731
0.0,0.0,3.94,22.0,1562969014742
0.0,0.0,3.94,22.0,1562969014843
0.0,0.0,3.94,22.0,1562969014945
0.0,0.0,3.94,22.0,1562969015046
0.0,0.0,3.94,22.0,1562969015147
0.0,0.0,3.94,22.0,1562969015249
0.0,0.0,3.94,22.0,1562969015446
0.0,0.0,3.94,22.0,1562969015453
0.0,0.0,3.94,22.0,1562969015554
0.0,0.0,3.94,22.0,1562969015756
0.0,0.0,3.94,22.0,1562969015758
0.0,0.0,3.94,22.0,1562969015857
0.0,0.0,3.94,22.0,1562969016017
0.0,0.0,3.94,22.0,1562969016059
0.0,0.0,3.94,22.0,1562969016161
0.0,0.0,3.94,22.0,1562969016262
0.0,0.0,3.94,22.0,1562969016364
0.0,0.0,3.94,22.0,1562969016573
0.0,0.0,3.94,22.0,1562969016574
0.0,0.0,3.94,22.0,1562969016769
35.1624755859375,139.61558532714844,3.94,22.0,1562969016769
0.0,0.0,3.94,22.0,1562969016880
0.0,0.0,3.94,22.0,1562969016971
0.0,0.0,3.94,22.0,1562969017072
0.0,0.0,3.94,22.0,1562969017187
0.0,0.0,3.94,22.0,1562969017275
0.0,0.0,3.94,22.0,1562969017377
0.0,0.0,3.94,22.0,1562969017494
0.0,0.0,3.94,22.0,1562969017579
0.0,0.0,3.94,22.0,1562969017680
0.0,0.0,3.94,22.0,1562969017781
0.0,0.0,3.94,22.0,1562969017883
0.0,0.0,3.94,22.0,1562969018006
0.0,0.0,3.94,22.0,1562969018085
0.0,0.0,3.94,22.0,1562969018187
0.0,0.0,3.94,22.0,1562969018314
0.0,0.0,3.94,22.0,1562969018389
0.0,0.0,3.94,22.0,1562969018492
0.0,0.0,3.94,22.0,1562969018621
0.0,0.0,3.94,22.0,1562969018693
0.0,0.0,3.94,22.0,1562969018794
0.0,0.0,3.94,22.0,1562969018896
0.0,0.0,3.94,22.0,1562969018997
0.0,0.0,3.94,22.0,1562969019133
35.16249084472656,139.61557006835938,3.94,22.0,1562969019134
0.0,0.0,3.94,22.0,1562969019251
0.0,0.0,3.94,22.0,1562969019303
0.0,0.0,3.97,22.0,1562969019441
0.0,0.0,3.97,22.0,1562969019951
0.0,0.0,3.97,22.0,1562969019952
0.0,0.0,3.97,22.0,1562969019952
0.0,0.0,3.97,22.0,1562969019952
0.0,0.0,3.97,22.0,1562969019953
0.0,0.0,3.97,22.0,1562969020014
0.0,0.0,3.97,22.0,1562969020112
0.0,0.0,3.97,22.0,1562969020213
0.0,0.0,3.97,22.0,1562969020314
0.0,0.0,3.97,22.0,1562969020464
0.0,0.0,3.99,22.0,1562969020519
0.0,0.0,3.99,22.0,1562969020620
0.0,0.0,3.99,22.0,1562969020771
0.0,0.0,3.99,22.0,1562969020821
0.0,0.0,3.99,22.0,1562969020922
0.0,0.0,3.99,22.0,1562969021024
0.0,0.0,3.99,22.0,1562969021125
0.0,0.0,3.99,22.0,1562969021226
0.0,0.0,3.99,22.0,1562969021327
0.0,0.0,3.99,22.0,1562969021428
35.162506103515625,139.61553955078125,3.99,22.0,1562969021429
0.0,0.0,4.02,22.0,1562969021590
0.0,0.0,4.02,22.0,1562969021632
0.0,0.0,4.02,22.0,1562969021733
0.0,0.0,4.02,22.0,1562969021898
0.0,0.0,4.02,22.0,1562969021936
0.0,0.0,4.02,22.0,1562969022037
0.0,0.0,4.02,22.0,1562969022205
0.0,0.0,4.02,22.0,1562969022239
0.0,0.0,4.05,22.0,1562969022340
0.0,0.0,4.05,22.0,1562969022512
0.0,0.0,4.05,22.0,1562969022547
0.0,0.0,4.05,22.0,1562969022644
0.0,0.0,4.05,22.0,1562969022746
0.0,0.0,4.07,22.0,1562969022847
0.0,0.0,4.07,22.0,1562969023024
0.0,0.0,4.07,22.0,1562969023050
0.0,0.0,4.07,22.0,1562969023151
0.0,0.0,4.07,22.0,1562969023331
0.0,0.0,4.1,22.0,1562969023353
0.0,0.0,4.1,22.0,1562969023455
0.0,0.0,4.1,22.0,1562969023638
0.0,0.0,4.1,22.0,1562969023658
0.0,0.0,4.1,22.0,1562969023759
0.0,0.0,4.1,22.0,1562969023860
0.0,0.0,4.1,22.0,1562969023961
0.0,0.0,4.1,22.0,1562969024161
0.0,0.0,4.13,22.0,1562969024170
0.0,0.0,4.13,22.0,1562969024268
0.0,0.0,4.13,22.0,1562969024970
0.0,0.0,4.13,22.0,1562969024971
0.0,0.0,4.13,22.0,1562969024972
0.0,0.0,4.13,22.0,1562969024972
0.0,0.0,4.13,22.0,1562969024972
0.0,0.0,4.13,22.0,1562969024973
35.162532806396484,139.61550903320312,4.13,22.0,1562969024974
0.0,0.0,4.13,22.0,1562969024980
0.0,0.0,4.13,22.0,1562969025080
0.0,0.0,4.16,22.0,1562969025182
0.0,0.0,4.16,22.0,1562969025278
0.0,0.0,4.16,22.0,1562969025482
0.0,0.0,4.16,22.0,1562969025482
0.0,0.0,4.16,22.0,1562969025584
0.0,0.0,4.16,22.0,1562969025792
0.0,0.0,4.16,22.0,1562969025888
0.0,0.0,4.16,22.0,1562969025988
0.0,0.0,4.16,22.0,1562969026096
0.0,0.0,4.16,22.0,1562969026190
0.0,0.0,4.16,22.0,1562969026292
0.0,0.0,4.16,22.0,1562969026393
0.0,0.0,4.16,22.0,1562969026494
0.0,0.0,4.16,22.0,1562969026608
0.0,0.0,4.16,22.0,1562969026697
0.0,0.0,4.16,22.0,1562969026798
0.0,0.0,4.16,22.0,1562969027018
0.0,0.0,4.16,22.0,1562969027018
0.0,0.0,4.16,22.0,1562969027102
0.0,0.0,4.16,22.0,1562969027203
0.0,0.0,4.16,22.0,1562969027325
0.0,0.0,4.16,22.0,1562969027548
0.0,0.0,4.13,22.0,1562969027549
0.0,0.0,4.13,22.0,1562969027611
0.0,0.0,4.13,22.0,1562969027840
0.0,0.0,4.13,22.0,1562969027841
0.0,0.0,4.13,22.0,1562969027913
0.0,0.0,4.13,22.0,1562969028130
0.0,0.0,4.13,22.0,1562969028130
0.0,0.0,4.13,22.0,1562969028217
0.0,0.0,4.13,22.0,1562969028434
0.0,0.0,4.13,22.0,1562969028435
35.162559509277344,139.61549377441406,4.13,22.0,1562969028438
0.0,0.0,4.13,22.0,1562969028521
0.0,0.0,4.13,22.0,1562969028720
0.0,0.0,4.13,22.0,1562969028724
0.0,0.0,4.13,22.0,1562969028824
0.0,0.0,4.13,22.0,1562969029008
0.0,0.0,4.13,22.0,1562969029027
0.0,0.0,4.16,22.0,1562969029313
0.0,0.0,4.16,22.0,1562969029314
0.0,0.0,4.16,22.0,1562969029331
0.0,0.0,4.16,22.0,1562969029614
0.0,0.0,4.16,22.0,1562969029615
0.0,0.0,4.16,22.0,1562969029637
0.0,0.0,4.16,22.0,1562969030221
0.0,0.0,4.16,22.0,1562969030224
0.0,0.0,4.16,22.0,1562969030225
0.0,0.0,4.16,22.0,1562969030226
0.0,0.0,4.16,22.0,1562969030227
0.0,0.0,4.16,22.0,1562969030243
0.0,0.0,4.16,22.0,1562969030525
0.0,0.0,4.16,22.0,1562969030555
0.0,0.0,4.18,22.0,1562969030555
0.0,0.0,4.18,22.0,1562969030650
0.0,0.0,4.18,22.0,1562969030908
0.0,0.0,4.18,22.0,1562969030952
0.0,0.0,4.18,22.0,1562969031053
0.0,0.0,4.18,22.0,1562969031215
0.0,0.0,4.18,22.0,1562969031257
0.0,0.0,4.18,22.0,1562969031357
0.0,0.0,4.18,22.0,1562969031458
0.0,0.0,4.18,22.0,1562969031560
0.0,0.0,4.18,22.0,1562969031728
0.0,0.0,4.18,22.0,1562969031763
0.0,0.0,4.21,22.0,1562969031864
0.0,0.0,4.21,22.0,1562969032052
0.0,0.0,4.21,22.0,1562969032067
0.0,0.0,4.21,22.0,1562969032168
0.0,0.0,4.21,22.0,1562969032269
0.0,0.0,4.21,22.0,1562969032370
0.0,0.0,4.21,22.0,1562969032547
0.0,0.0,4.21,22.0,1562969032573
0.0,0.0,4.21,22.0,1562969032676
0.0,0.0,4.21,22.0,1562969032854
0.0,0.0,4.21,22.0,1562969032877
0.0,0.0,4.21,22.0,1562969032978
0.0,0.0,4.21,22.0,1562969033079
35.162593841552734,139.61549377441406,4.21,22.0,1562969033081
0.0,0.0,4.21,22.0,1562969033182
0.0,0.0,4.21,22.0,1562969033366
0.0,0.0,4.21,22.0,1562969033384
0.0,0.0,4.24,22.0,1562969033485
0.0,0.0,4.24,22.0,1562969033674
0.0,0.0,4.24,22.0,1562969033690
0.0,0.0,4.24,22.0,1562969033789
0.0,0.0,4.24,22.0,1562969033933
0.0,0.0,4.24,22.0,1562969033992
0.0,0.0,4.24,22.0,1562969034093
0.0,0.0,4.24,22.0,1562969034194
0.0,0.0,4.24,22.0,1562969034296
0.0,0.0,4.27,22.0,1562969034493
0.0,0.0,4.27,22.0,1562969034501
0.0,0.0,4.27,22.0,1562969034609
0.0,0.0,4.27,22.0,1562969035210
0.0,0.0,4.27,22.0,1562969035211
0.0,0.0,4.27,22.0,1562969035211
0.0,0.0,4.27,22.0,1562969035215
0.0,0.0,4.27,22.0,1562969035215
0.0,0.0,4.27,22.0,1562969035216
0.0,0.0,4.27,22.0,1562969035309
0.0,0.0,4.27,22.0,1562969035411
35.162593841552734,139.61549377441406,4.27,22.0,1562969035412
0.0,0.0,4.27,22.0,1562969035512
0.0,0.0,4.27,22.0,1562969035613
0.0,0.0,4.27,22.0,1562969035721
0.0,0.0,4.29,22.0,1562969035816
0.0,0.0,4.29,22.0,1562969035917
0.0,0.0,4.29,22.0,1562969036029
0.0,0.0,4.29,22.0,1562969036119
0.0,0.0,4.29,22.0,1562969036221
0.0,0.0,4.29,22.0,1562969036322
0.0,0.0,4.29,22.0,1562969036423
0.0,0.0,4.29,22.0,1562969036525
0.0,0.0,4.29,22.0,1562969036626
0.0,0.0,4.29,22.0,1562969036745
0.0,0.0,4.29,22.0,1562969036829
0.0,0.0,4.29,22.0,1562969036930
0.0,0.0,4.29,22.0,1562969037053
0.0,0.0,4.32,22.0,1562969037133
0.0,0.0,4.32,22.0,1562969037234
0.0,0.0,4.32,22.0,1562969037360
0.0,0.0,4.32,22.0,1562969037437
0.0,0.0,4.32,22.0,1562969037538
0.0,0.0,4.32,22.0,1562969037667
0.0,0.0,4.32,22.0,1562969037743
0.0,0.0,4.32,22.0,1562969037842
0.0,0.0,4.35,22.0,1562969037943
0.0,0.0,4.35,22.0,1562969038044
0.0,0.0,4.35,22.0,1562969038146
0.0,0.0,4.35,22.0,1562969038247
0.0,0.0,4.35,22.0,1562969038384
0.0,0.0,4.35,22.0,1562969038451
0.0,0.0,4.35,22.0,1562969038552
0.0,0.0,4.38,22.0,1562969038691
0.0,0.0,4.38,22.0,1562969038756
0.0,0.0,4.38,22.0,1562969038855
35.16260528564453,139.61550903320312,4.38,22.0,1562969038856
0.0,0.0,4.38,22.0,1562969038956
0.0,0.0,4.38,22.0,1562969039058
0.0,0.0,4.38,22.0,1562969039160
0.0,0.0,4.38,22.0,1562969039260
0.0,0.0,4.4,22.0,1562969039408
0.0,0.0,4.4,22.0,1562969039463
0.0,0.0,4.4,22.0,1562969039564
0.0,0.0,4.4,22.0,1562969039818
0.0,0.0,4.4,22.0,1562969039842
0.0,0.0,4.43,22.0,1562969039870
0.0,0.0,4.43,22.0,1562969039969
0.0,0.0,4.43,22.0,1562969040125
0.0,0.0,4.43,22.0,1562969040172
0.0,0.0,4.43,22.0,1562969040697
0.0,0.0,4.46,22.0,1562969040697
0.0,0.0,4.46,22.0,1562969040700
0.0,0.0,4.46,22.0,1562969040701
0.0,0.0,4.46,22.0,1562969040701
0.0,0.0,4.46,22.0,1562969040783
0.0,0.0,4.46,22.0,1562969040882
0.0,0.0,4.49,22.0,1562969040983
0.0,0.0,4.49,22.0,1562969041084
0.0,0.0,4.49,22.0,1562969041251
35.16261291503906,139.61550903320312,4.49,22.0,1562969041252
0.0,0.0,4.49,22.0,1562969041287
0.0,0.0,4.51,22.0,1562969041388
0.0,0.0,4.51,22.0,1562969041490
0.0,0.0,4.51,22.0,1562969041591
0.0,0.0,4.51,22.0,1562969041763
0.0,0.0,4.51,22.0,1562969041796
0.0,0.0,4.51,22.0,1562969041895
0.0,0.0,4.51,22.0,1562969042070
0.0,0.0,4.54,22.0,1562969042097
0.0,0.0,4.54,22.0,1562969042199
0.0,0.0,4.54,22.0,1562969042378
0.0,0.0,4.54,22.0,1562969042401
0.0,0.0,4.54,22.0,1562969042503
0.0,0.0,4.54,22.0,1562969042667
0.0,0.0,4.54,22.0,1562969042706
0.0,0.0,4.57,22.0,1562969042810
0.0,0.0,4.57,22.0,1562969042908
0.0,0.0,4.57,22.0,1562969043010
0.0,0.0,4.57,22.0,1562969043111
0.0,0.0,4.57,22.0,1562969043212
0.0,0.0,4.57,22.0,1562969043401
0.0,0.0,4.57,22.0,1562969043416
0.0,0.0,4.57,22.0,1562969043516
0.0,0.0,4.57,22.0,1562969043709
35.162620544433594,139.61550903320312,4.57,22.0,1562969043711
0.0,0.0,4.57,22.0,1562969043719
0.0,0.0,4.57,22.0,1562969043822
0.0,0.0,4.57,22.0,1562969043959
0.0,0.0,4.57,22.0,1562969044023
0.0,0.0,4.57,22.0,1562969044124
0.0,0.0,4.57,22.0,1562969044228
0.0,0.0,4.57,22.0,1562969044327
0.0,0.0,4.57,22.0,1562969044528
0.0,0.0,4.57,22.0,1562969044529
0.0,0.0,4.57,22.0,1562969044630
0.0,0.0,4.57,22.0,1562969044938
0.0,0.0,4.54,22.0,1562969044938
0.0,0.0,4.57,22.0,1562969044939
0.0,0.0,4.54,22.0,1562969045037
0.0,0.0,4.54,22.0,1562969045137
0.0,0.0,4.54,22.0,1562969045757
0.0,0.0,4.54,22.0,1562969045758
0.0,0.0,4.54,22.0,1562969045761
0.0,0.0,4.54,22.0,1562969045761
0.0,0.0,4.54,22.0,1562969045762
0.0,0.0,4.54,22.0,1562969045763
0.0,0.0,4.54,22.0,1562969045849
0.0,0.0,4.54,22.0,1562969045948
0.0,0.0,4.54,22.0,1562969046049
0.0,0.0,4.54,22.0,1562969046150
0.0,0.0,4.54,22.0,1562969046269
0.0,0.0,4.54,22.0,1562969046353
0.0,0.0,4.51,22.0,1562969046454
0.0,0.0,4.51,22.0,1562969046576
0.0,0.0,4.51,22.0,1562969046657
0.0,0.0,4.51,22.0,1562969046758
0.0,0.0,4.51,22.0,1562969046862
0.0,0.0,4.51,22.0,1562969046963
0.0,0.0,4.51,22.0,1562969047062
0.0,0.0,4.51,22.0,1562969047164
35.16265106201172,139.61550903320312,4.51,22.0,1562969047165
0.0,0.0,4.51,22.0,1562969047298
0.0,0.0,4.51,22.0,1562969047366
0.0,0.0,4.49,22.0,1562969047468
0.0,0.0,4.49,22.0,1562969047600
0.0,0.0,4.49,22.0,1562969047670
0.0,0.0,4.49,22.0,1562969047772
0.0,0.0,4.49,22.0,1562969047907
0.0,0.0,4.49,22.0,1562969047975
0.0,0.0,4.49,22.0,1562969048076
0.0,0.0,4.49,22.0,1562969048177
0.0,0.0,4.49,22.0,1562969048278
0.0,0.0,4.49,22.0,1562969048394
0.0,0.0,4.49,22.0,1562969048572
0.0,0.0,4.49,22.0,1562969048585
0.0,0.0,4.49,22.0,1562969048690
0.0,0.0,4.49,22.0,1562969048864
0.0,0.0,4.49,22.0,1562969048890
0.0,0.0,4.49,22.0,1562969049164
0.0,0.0,4.49,22.0,1562969049179
0.0,0.0,4.49,22.0,1562969049190
0.0,0.0,4.49,22.0,1562969049470
0.0,0.0,4.49,22.0,1562969049470
35.16267013549805,139.61549377441406,4.49,22.0,1562969049470
0.0,0.0,4.49,22.0,1562969049495
0.0,0.0,4.49,22.0,1562969049776
0.0,0.0,4.49,22.0,1562969049776
0.0,0.0,4.49,22.0,1562969049799
0.0,0.0,4.49,22.0,1562969050060
0.0,0.0,4.49,22.0,1562969050060
0.0,0.0,4.49,22.0,1562969050105
0.0,0.0,4.51,22.0,1562969050695
0.0,0.0,4.51,22.0,1562969050698
0.0,0.0,4.51,22.0,1562969050699
0.0,0.0,4.51,22.0,1562969050699
0.0,0.0,4.51,22.0,1562969050699
0.0,0.0,4.51,22.0,1562969050710
0.0,0.0,4.51,22.0,1562969050979
0.0,0.0,4.51,22.0,1562969050980
0.0,0.0,4.54,22.0,1562969051015
0.0,0.0,4.54,22.0,1562969051288
0.0,0.0,4.54,22.0,1562969051289
0.0,0.0,4.54,22.0,1562969051319
0.0,0.0,4.54,22.0,1562969051596
0.0,0.0,4.54,22.0,1562969051596
0.0,0.0,4.54,22.0,1562969051622
0.0,0.0,4.54,22.0,1562969051723
0.0,0.0,4.54,22.0,1562969051825
0.0,0.0,4.54,22.0,1562969051929
0.0,0.0,4.54,22.0,1562969052028
0.0,0.0,4.54,22.0,1562969052208
0.0,0.0,4.54,22.0,1562969052265
0.0,0.0,4.54,22.0,1562969052333
0.0,0.0,4.54,22.0,1562969052617
0.0,0.0,4.57,22.0,1562969052618
0.0,0.0,4.57,22.0,1562969052636
0.0,0.0,4.57,22.0,1562969052737
0.0,0.0,4.57,22.0,1562969052925
0.0,0.0,4.57,22.0,1562969052942
35.1627082824707,139.61546325683594,4.57,22.0,1562969052943
0.0,0.0,4.57,22.0,1562969053041
0.0,0.0,4.57,22.0,1562969053143
0.0,0.0,4.57,22.0,1562969053245
0.0,0.0,4.57,22.0,1562969053437
0.0,0.0,4.57,22.0,1562969053447
0.0,0.0,4.57,22.0,1562969053549
0.0,0.0,4.57,22.0,1562969053744
0.0,0.0,4.57,22.0,1562969053752
0.0,0.0,4.57,22.0,1562969053854
0.0,0.0,4.54,22.0,1562969053993
0.0,0.0,4.57,22.0,1562969054055
0.0,0.0,4.57,22.0,1562969054156
0.0,0.0,4.57,22.0,1562969054257
0.0,0.0,4.57,22.0,1562969054359
0.0,0.0,4.57,22.0,1562969054563
0.0,0.0,4.57,22.0,1562969054564
0.0,0.0,4.59,22.0,1562969054662
0.0,0.0,4.59,22.0,1562969054765
0.0,0.0,4.59,22.0,1562969054870
0.0,0.0,4.59,22.0,1562969054969
0.0,0.0,4.62,22.0,1562969055177
0.0,0.0,4.62,22.0,1562969055794
35.16272735595703,139.6154327392578,4.62,22.0,1562969055794
0.0,0.0,4.62,22.0,1562969055808
0.0,0.0,4.62,22.0,1562969055821
0.0,0.0,4.62,22.0,1562969055821
0.0,0.0,4.62,22.0,1562969055821
0.0,0.0,4.65,22.0,1562969055821
0.0,0.0,4.65,22.0,1562969055878
0.0,0.0,4.65,22.0,1562969055982
0.0,0.0,4.65,22.0,1562969056083
0.0,0.0,4.65,22.0,1562969056182
0.0,0.0,4.65,22.0,1562969056285
0.0,0.0,4.65,22.0,1562969056385
0.0,0.0,4.65,22.0,1562969056509
0.0,0.0,4.65,22.0,1562969056588
0.0,0.0,4.65,22.0,1562969056689
0.0,0.0,4.65,22.0,1562969056816
0.0,0.0,4.65,22.0,1562969056892
0.0,0.0,4.65,22.0,1562969056995
0.0,0.0,4.65,22.0,1562969057095
0.0,0.0,4.68,22.0,1562969057196
0.0,0.0,4.68,22.0,1562969057300
0.0,0.0,4.65,22.0,1562969057399
0.0,0.0,4.65,22.0,1562969057533
0.0,0.0,4.65,22.0,1562969057601
0.0,0.0,4.65,22.0,1562969057702
0.0,0.0,4.65,22.0,1562969057842
0.0,0.0,4.65,22.0,1562969057905
0.0,0.0,4.65,22.0,1562969058009
0.0,0.0,4.65,22.0,1562969058111
0.0,0.0,4.65,22.0,1562969058209
0.0,0.0,4.65,22.0,1562969058352
0.0,0.0,4.62,22.0,1562969058412
0.0,0.0,4.62,22.0,1562969058513
0.0,0.0,4.62,22.0,1562969058659
0.0,0.0,4.62,22.0,1562969058716
0.0,0.0,4.62,22.0,1562969058820
0.0,0.0,4.59,22.0,1562969058966
0.0,0.0,4.59,22.0,1562969059021
0.0,0.0,4.59,22.0,1562969059121
0.0,0.0,4.59,22.0,1562969059222
35.16277313232422,139.61537170410156,4.59,22.0,1562969059226
0.0,0.0,4.59,22.0,1562969059323
0.0,0.0,4.59,22.0,1562969059479
0.0,0.0,4.59,22.0,1562969059526
0.0,0.0,4.59,22.0,1562969059627
0.0,0.0,4.59,22.0,1562969059785
0.0,0.0,4.59,22.0,1562969059830
0.0,0.0,4.59,22.0,1562969059931
0.0,0.0,4.59,22.0,1562969060093
0.0,0.0,4.59,22.0,1562969060134
0.0,0.0,4.59,22.0,1562969060235
0.0,0.0,4.57,22.0,1562969060400
0.0,0.0,4.57,22.0,1562969060438
0.0,0.0,4.57,22.0,1562969060539
0.0,0.0,4.57,22.0,1562969060706
0.0,0.0,4.57,22.0,1562969060742
0.0,0.0,4.57,22.0,1562969060843
0.0,0.0,4.57,22.0,1562969061014
0.0,0.0,4.57,22.0,1562969061049
0.0,0.0,4.57,22.0,1562969061147
0.0,0.0,4.57,22.0,1562969061248
0.0,0.0,4.57,22.0,1562969061350
0.0,0.0,4.57,22.0,1562969062038
0.0,0.0,4.54,22.0,1562969062048
0.0,0.0,4.54,22.0,1562969062048
0.0,0.0,4.54,22.0,1562969062049
0.0,0.0,4.54,22.0,1562969062050
0.0,0.0,4.54,22.0,1562969062050
0.0,0.0,4.54,22.0,1562969062064
0.0,0.0,4.54,22.0,1562969062161
0.0,0.0,4.54,22.0,1562969062262
0.0,0.0,4.54,22.0,1562969062363
0.0,0.0,4.54,22.0,1562969062550
0.0,0.0,4.54,22.0,1562969062565
0.0,0.0,4.54,22.0,1562969062667
0.0,0.0,4.54,22.0,1562969062871
0.0,0.0,4.54,22.0,1562969062971
0.0,0.0,4.54,22.0,1562969063074
35.16279220581055,139.61532592773438,4.54,22.0,1562969063076
0.0,0.0,4.54,22.0,1562969063173
0.0,0.0,4.54,22.0,1562969063369
0.0,0.0,4.54,22.0,1562969063376
0.0,0.0,4.54,22.0,1562969063477
0.0,0.0,4.54,22.0,1562969063676
0.0,0.0,4.54,22.0,1562969063681
0.0,0.0,4.54,22.0,1562969063782
0.0,0.0,4.54,22.0,1562969063984
0.0,0.0,4.54,22.0,1562969063988
0.0,0.0,4.54,22.0,1562969064087
0.0,0.0,4.54,22.0,1562969064187
0.0,0.0,4.54,22.0,1562969064289
0.0,0.0,4.54,22.0,1562969064390
0.0,0.0,4.54,22.0,1562969064494
0.0,0.0,4.57,22.0,1562969064592
0.0,0.0,4.57,22.0,1562969064693
0.0,0.0,4.57,22.0,1562969064803
0.0,0.0,4.57,22.0,1562969064896
0.0,0.0,4.57,22.0,1562969064997
0.0,0.0,4.57,22.0,1562969065110
0.0,0.0,4.57,22.0,1562969065332
35.16281509399414,139.61529541015625,4.57,22.0,1562969065333
0.0,0.0,4.59,22.0,1562969065416
0.0,0.0,4.59,22.0,1562969065504
0.0,0.0,4.59,22.0,1562969065605
0.0,0.0,4.59,22.0,1562969065725
0.0,0.0,4.59,22.0,1562969065808
0.0,0.0,4.59,22.0,1562969065911
0.0,0.0,4.59,22.0,1562969066032
0.0,0.0,4.59,22.0,1562969066114
0.0,0.0,4.59,22.0,1562969066213
0.0,0.0,4.59,22.0,1562969066647
0.0,0.0,4.59,22.0,1562969066720
0.0,0.0,4.59,22.0,1562969066821
0.0,0.0,4.59,22.0,1562969066953
0.0,0.0,4.62,22.0,1562969067024
0.0,0.0,4.62,22.0,1562969067127
0.0,0.0,4.62,22.0,1562969067227
0.0,0.0,4.62,22.0,1562969067329
0.0,0.0,4.62,22.0,1562969067465
0.0,0.0,4.62,22.0,1562969067530
0.0,0.0,4.62,22.0,1562969067632
0.0,0.0,4.59,22.0,1562969067773
0.0,0.0,4.59,22.0,1562969067835
0.0,0.0,4.59,22.0,1562969067936
0.0,0.0,4.59,22.0,1562969068037
0.0,0.0,4.59,22.0,1562969068141
0.0,0.0,4.59,22.0,1562969068240
0.0,0.0,4.59,22.0,1562969068341
0.0,0.0,4.59,22.0,1562969068578
0.0,0.0,4.59,22.0,1562969068579
0.0,0.0,4.59,22.0,1562969068645
0.0,0.0,4.59,22.0,1562969068868
0.0,0.0,4.59,22.0,1562969068869
35.1628303527832,139.61524963378906,4.59,22.0,1562969068869
0.0,0.0,4.57,22.0,1562969068949
0.0,0.0,4.57,22.0,1562969069172
0.0,0.0,4.57,22.0,1562969069173
0.0,0.0,4.57,22.0,1562969069713
0.0,0.0,4.57,22.0,1562969069717
0.0,0.0,4.57,22.0,1562969069720
0.0,0.0,4.57,22.0,1562969069720
0.0,0.0,4.57,22.0,1562969069721
0.0,0.0,4.57,22.0,1562969069761
0.0,0.0,4.57,22.0,1562969070002
0.0,0.0,4.57,22.0,1562969070003
0.0,0.0,4.57,22.0,1562969070063
0.0,0.0,4.57,22.0,1562969070307
0.0,0.0,4.57,22.0,1562969070310
0.0,0.0,4.57,22.0,1562969070367
0.0,0.0,4.57,22.0,1562969070672
0.0,0.0,4.57,22.0,1562969070918
0.0,0.0,4.57,22.0,1562969070919
0.0,0.0,4.57,22.0,1562969070976
0.0,0.0,4.54,22.0,1562969071221
35.162841796875,139.61521911621094,4.54,22.0,1562969071222
0.0,0.0,4.54,22.0,1562969071237
0.0,0.0,4.54,22.0,1562969071279
0.0,0.0,4.54,22.0,1562969071529
0.0,0.0,4.54,22.0,1562969071535
0.0,0.0,4.54,22.0,1562969071586
0.0,0.0,4.54,22.0,1562969071685
0.0,0.0,4.54,22.0,1562969071786
0.0,0.0,4.54,22.0,1562969071971
0.0,0.0,4.54,22.0,1562969071991
0.0,0.0,4.54,22.0,1562969072090
0.0,0.0,4.54,22.0,1562969072193
0.0,0.0,4.54,22.0,1562969072293
0.0,0.0,4.51,22.0,1562969072483
0.0,0.0,4.51,22.0,1562969072495
0.0,0.0,4.51,22.0,1562969072596
0.0,0.0,4.51,22.0,1562969072791
0.0,0.0,4.51,22.0,1562969072803
0.0,0.0,4.49,22.0,1562969072900
0.0,0.0,4.49,22.0,1562969073022
0.0,0.0,4.49,22.0,1562969073103
0.0,0.0,4.49,22.0,1562969073208
0.0,0.0,4.46,22.0,1562969073306
0.0,0.0,4.46,22.0,1562969073407
0.0,0.0,4.46,22.0,1562969073609
35.16285705566406,139.61520385742188,4.46,22.0,1562969073611
0.0,0.0,4.46,22.0,1562969073613
0.0,0.0,4.46,22.0,1562969073711
0.0,0.0,4.43,22.0,1562969073920
0.0,0.0,4.43,22.0,1562969073921
0.0,0.0,4.43,22.0,1562969074016
0.0,0.0,4.43,22.0,1562969074116
0.0,0.0,4.43,22.0,1562969074292
0.0,0.0,4.4,22.0,1562969074319
0.0,0.0,4.4,22.0,1562969074440
0.0,0.0,4.4,22.0,1562969074521
0.0,0.0,4.4,22.0,1562969074623
0.0,0.0,4.4,22.0,1562969074724
0.0,0.0,4.4,22.0,1562969074838
0.0,0.0,4.38,22.0,1562969075453
0.0,0.0,4.38,22.0,1562969075453
0.0,0.0,4.38,22.0,1562969075454
0.0,0.0,4.38,22.0,1562969075454
0.0,0.0,4.38,22.0,1562969075454
0.0,0.0,4.38,22.0,1562969075537
0.0,0.0,4.38,22.0,1562969075636
0.0,0.0,4.38,22.0,1562969075738
0.0,0.0,4.38,22.0,1562969075838
0.0,0.0,4.38,22.0,1562969075964
0.0,0.0,4.38,22.0,1562969076041
0.0,0.0,4.4,22.0,1562969076143
0.0,0.0,4.4,22.0,1562969076246
0.0,0.0,4.4,22.0,1562969076345
0.0,0.0,4.4,22.0,1562969076447
0.0,0.0,4.4,22.0,1562969076548
0.0,0.0,4.4,22.0,1562969076681
0.0,0.0,4.4,22.0,1562969076751
0.0,0.0,4.43,22.0,1562969076852
0.0,0.0,4.43,22.0,1562969076988
0.0,0.0,4.43,22.0,1562969077055
35.16288375854492,139.61514282226562,4.43,22.0,1562969077056
0.0,0.0,4.43,22.0,1562969077156
0.0,0.0,4.43,22.0,1562969077262
0.0,0.0,4.46,22.0,1562969077358
0.0,0.0,4.46,22.0,1562969077460
0.0,0.0,4.46,22.0,1562969077561
0.0,0.0,4.46,22.0,1562969077705
0.0,0.0,4.46,22.0,1562969077764
0.0,0.0,4.46,22.0,1562969077865
0.0,0.0,4.46,22.0,1562969078012
0.0,0.0,4.46,22.0,1562969078068
0.0,0.0,4.46,22.0,1562969078169
0.0,0.0,4.46,22.0,1562969078273
0.0,0.0,4.46,22.0,1562969078372
0.0,0.0,4.46,22.0,1562969078524
0.0,0.0,4.46,22.0,1562969078576
0.0,0.0,4.46,22.0,1562969078676
0.0,0.0,4.46,22.0,1562969078830
0.0,0.0,4.46,22.0,1562969078880
0.0,0.0,4.46,22.0,1562969078980
0.0,0.0,4.46,22.0,1562969079081
0.0,0.0,4.46,22.0,1562969079182
0.0,0.0,4.46,22.0,1562969079286
0.0,0.0,4.46,22.0,1562969079385
35.162899017333984,139.61512756347656,4.46,22.0,1562969079386
0.0,0.0,4.46,22.0,1562969079548
0.0,0.0,4.46,22.0,1562969079588
0.0,0.0,4.46,22.0,1562969079689
0.0,0.0,4.46,22.0,1562969079856
0.0,0.0,4.46,22.0,1562969079894
0.0,0.0,4.46,22.0,1562969080470
0.0,0.0,4.46,22.0,1562969080489
0.0,0.0,4.43,22.0,1562969080489
0.0,0.0,4.43,22.0,1562969080489
0.0,0.0,4.43,22.0,1562969080490
0.0,0.0,4.43,22.0,1562969080500
0.0,0.0,4.43,22.0,1562969080602
0.0,0.0,4.43,22.0,1562969080704
0.0,0.0,4.43,22.0,1562969080804
0.0,0.0,4.43,22.0,1562969080982
0.0,0.0,4.4,22.0,1562969081008
0.0,0.0,4.4,22.0,1562969081108
0.0,0.0,4.4,22.0,1562969081209
0.0,0.0,4.4,22.0,1562969081319
0.0,0.0,4.43,22.0,1562969081494
0.0,0.0,4.43,22.0,1562969081514
0.0,0.0,4.43,22.0,1562969081616
0.0,0.0,4.43,22.0,1562969081802
0.0,0.0,4.43,22.0,1562969081818
0.0,0.0,4.43,22.0,1562969081919
0.0,0.0,4.43,22.0,1562969082108
0.0,0.0,4.43,22.0,1562969082121
0.0,0.0,4.43,22.0,1562969082223
0.0,0.0,4.43,22.0,1562969082326
0.0,0.0,4.43,22.0,1562969082425
0.0,0.0,4.43,22.0,1562969082620
0.0,0.0,4.43,22.0,1562969082628
0.0,0.0,4.46,22.0,1562969082731
0.0,0.0,4.46,22.0,1562969082926
35.162933349609375,139.61508178710938,4.46,22.0,1562969082929
0.0,0.0,4.46,22.0,1562969082933
0.0,0.0,4.46,22.0,1562969083033
0.0,0.0,4.46,22.0,1562969083135
0.0,0.0,4.46,22.0,1562969083440
0.0,0.0,4.46,22.0,1562969083440
0.0,0.0,4.46,22.0,1562969083540
0.0,0.0,4.46,22.0,1562969083747
0.0,0.0,4.46,22.0,1562969083748
0.0,0.0,4.46,22.0,1562969083844
0.0,0.0,4.46,22.0,1562969083945
0.0,0.0,4.46,22.0,1562969084054
0.0,0.0,4.46,22.0,1562969084148
0.0,0.0,4.46,22.0,1562969084249
0.0,0.0,4.49,22.0,1562969084353
0.0,0.0,4.49,22.0,1562969084452
0.0,0.0,4.49,22.0,1562969084566
0.0,0.0,4.49,22.0,1562969084655
0.0,0.0,4.49,22.0,1562969084756
0.0,0.0,4.49,22.0,1562969084873
35.1629524230957,139.6150665283203,4.46,22.0,1562969085297
0.0,0.0,4.46,22.0,1562969085488
0.0,0.0,4.46,22.0,1562969085489
0.0,0.0,4.46,22.0,1562969085489
0.0,0.0,4.46,22.0,1562969085489
0.0,0.0,4.46,22.0,1562969085490
0.0,0.0,4.46,22.0,1562969085490
0.0,0.0,4.46,22.0,1562969085567
0.0,0.0,4.46,22.0,1562969085668
0.0,0.0,4.46,22.0,1562969085769
0.0,0.0,4.46,22.0,1562969085871
0.0,0.0,4.46,22.0,1562969086005
0.0,0.0,4.46,22.0,1562969086073
0.0,0.0,4.46,22.0,1562969086175
0.0,0.0,4.46,22.0,1562969086276
0.0,0.0,4.46,22.0,1562969086388
0.0,0.0,4.46,22.0,1562969086512
0.0,0.0,4.46,22.0,1562969086580
0.0,0.0,4.46,22.0,1562969086681
0.0,0.0,4.46,22.0,1562969086819
0.0,0.0,4.46,22.0,1562969086884
0.0,0.0,4.49,22.0,1562969086985
0.0,0.0,4.49,22.0,1562969087125
0.0,0.0,4.49,22.0,1562969087189
0.0,0.0,4.49,23.0,1562969087290
0.0,0.0,4.49,23.0,1562969087393
0.0,0.0,4.49,23.0,1562969087492
0.0,0.0,4.49,23.0,1562969087638
0.0,0.0,4.51,23.0,1562969087694
35.162967681884766,139.61505126953125,4.51,23.0,1562969087695
0.0,0.0,4.51,23.0,1562969087796
0.0,0.0,4.51,23.0,1562969087946
0.0,0.0,4.51,23.0,1562969087999
0.0,0.0,4.51,23.0,1562969088100
0.0,0.0,4.51,23.0,1562969088201
0.0,0.0,4.51,23.0,1562969088302
0.0,0.0,4.51,23.0,1562969088418
0.0,0.0,4.54,23.0,1562969088586
0.0,0.0,4.54,23.0,1562969088606
0.0,0.0,4.54,23.0,1562969088879
0.0,0.0,4.54,23.0,1562969088879
0.0,0.0,4.57,23.0,1562969088912
0.0,0.0,4.57,23.0,1562969089160
0.0,0.0,4.57,23.0,1562969089161
0.0,0.0,4.57,23.0,1562969089214
0.0,0.0,4.57,23.0,1562969089455
0.0,0.0,4.57,23.0,1562969089455
0.0,0.0,4.57,23.0,1562969089519
0.0,0.0,4.57,23.0,1562969089752
0.0,0.0,4.57,23.0,1562969089765
0.0,0.0,4.59,23.0,1562969089824
0.0,0.0,4.59,23.0,1562969090426
35.162986755371094,139.6150360107422,4.59,23.0,1562969090428
0.0,0.0,4.59,23.0,1562969090433
0.0,0.0,4.59,23.0,1562969090434
0.0,0.0,4.59,23.0,1562969090434
0.0,0.0,4.59,23.0,1562969090434
0.0,0.0,4.59,23.0,1562969090434
0.0,0.0,4.57,23.0,1562969090655
0.0,0.0,4.57,23.0,1562969090656
0.0,0.0,4.57,23.0,1562969090734
0.0,0.0,4.57,23.0,1562969090964
0.0,0.0,4.57,23.0,1562969090965
0.0,0.0,4.57,23.0,1562969091038
0.0,0.0,4.57,23.0,1562969091273
0.0,0.0,4.57,23.0,1562969091273
0.0,0.0,4.57,23.0,1562969091342
0.0,0.0,4.57,23.0,1562969091580
0.0,0.0,4.57,23.0,1562969091580
0.0,0.0,4.57,23.0,1562969091646
0.0,0.0,4.57,23.0,1562969091747
0.0,0.0,4.57,23.0,1562969091849
0.0,0.0,4.57,23.0,1562969092041
0.0,0.0,4.57,23.0,1562969092051
0.0,0.0,4.54,23.0,1562969092153
0.0,0.0,4.54,23.0,1562969092281
0.0,0.0,4.54,23.0,1562969092356
0.0,0.0,4.54,23.0,1562969092459
0.0,0.0,4.54,23.0,1562969092558
0.0,0.0,4.54,23.0,1562969092659
0.0,0.0,4.54,23.0,1562969092860
35.163021087646484,139.61500549316406,4.54,23.0,1562969092862
0.0,0.0,4.54,23.0,1562969092872
0.0,0.0,4.54,23.0,1562969092963
0.0,0.0,4.54,23.0,1562969093092
0.0,0.0,4.54,23.0,1562969093166
0.0,0.0,4.54,23.0,1562969093270
0.0,0.0,4.54,23.0,1562969093369
0.0,0.0,4.54,23.0,1562969093577
0.0,0.0,4.54,23.0,1562969093673
0.0,0.0,4.54,23.0,1562969093774
0.0,0.0,4.54,23.0,1562969093882
0.0,0.0,4.54,23.0,1562969093976
0.0,0.0,4.54,23.0,1562969094078
0.0,0.0,4.54,23.0,1562969094179
0.0,0.0,4.54,23.0,1562969094280
0.0,0.0,4.54,23.0,1562969094382
0.0,0.0,4.57,23.0,1562969094485
0.0,0.0,4.57,23.0,1562969094600
0.0,0.0,4.57,23.0,1562969094686
0.0,0.0,4.57,23.0,1562969094788
0.0,0.0,4.57,23.0,1562969094908
0.0,0.0,4.57,23.0,1562969095523
0.0,0.0,4.59,23.0,1562969095524
0.0,0.0,4.59,23.0,1562969095524
0.0,0.0,4.59,23.0,1562969095524
0.0,0.0,4.59,23.0,1562969095525
0.0,0.0,4.62,23.0,1562969095525
0.0,0.0,4.62,23.0,1562969095599
0.0,0.0,4.62,23.0,1562969095699
0.0,0.0,4.62,23.0,1562969095800
0.0,0.0,4.65,23.0,1562969096137
0.0,0.0,4.65,23.0,1562969096148
0.0,0.0,4.65,23.0,1562969096206
0.0,0.0,4.65,23.0,1562969096307
0.0,0.0,4.65,23.0,1562969096408
0.0,0.0,4.68,23.0,1562969096510
0.0,0.0,4.68,23.0,1562969096649
35.16305923461914,139.61497497558594,4.68,23.0,1562969096650
0.0,0.0,4.68,23.0,1562969096713
0.0,0.0,4.68,23.0,1562969096816
0.0,0.0,4.68,23.0,1562969096958
0.0,0.0,4.7,23.0,1562969097017
0.0,0.0,4.7,23.0,1562969097118
0.0,0.0,4.7,23.0,1562969097264
0.0,0.0,4.7,22.0,1562969097422
0.0,0.0,4.7,22.0,1562969097523
0.0,0.0,4.7,22.0,1562969097626
0.0,0.0,4.7,22.0,1562969097776
0.0,0.0,4.7,22.0,1562969097827
0.0,0.0,4.7,22.0,1562969097928
0.0,0.0,4.7,22.0,1562969098083
0.0,0.0,4.7,22.0,1562969098131
0.0,0.0,4.73,22.0,1562969098232
0.0,0.0,4.73,22.0,1562969098334
0.0,0.0,4.73,22.0,1562969098435
0.0,0.0,4.73,22.0,1562969098700
0.0,0.0,4.7,22.0,1562969098700
0.0,0.0,4.7,22.0,1562969098740
0.0,0.0,4.7,22.0,1562969098840
0.0,0.0,4.7,22.0,1562969099004
35.16307830810547,139.61495971679688,4.7,22.0,1562969099005
0.0,0.0,4.7,22.0,1562969099044
0.0,0.0,4.7,22.0,1562969099144
0.0,0.0,4.7,22.0,1562969099246
0.0,0.0,4.7,22.0,1562969099347
0.0,0.0,4.7,22.0,1562969099516
0.0,0.0,4.7,22.0,1562969099552
0.0,0.0,4.7,22.0,1562969099653
0.0,0.0,4.7,22.0,1562969099824
0.0,0.0,4.7,22.0,1562969099854
0.0,0.0,4.7,22.0,1562969100438
0.0,0.0,4.7,22.0,1562969100439
0.0,0.0,4.7,22.0,1562969100439
0.0,0.0,4.7,22.0,1562969100439
0.0,0.0,4.7,22.0,1562969100439
0.0,0.0,4.7,22.0,1562969100462
0.0,0.0,4.7,22.0,1562969100563
0.0,0.0,4.7,22.0,1562969100666
0.0,0.0,4.7,22.0,1562969100766
0.0,0.0,4.7,22.0,1562969100950
0.0,0.0,4.7,22.0,1562969100968
0.0,0.0,4.7,22.0,1562969101070
0.0,0.0,4.7,22.0,1562969101173
0.0,0.0,4.7,22.0,1562969101272
0.0,0.0,4.7,22.0,1562969101374
0.0,0.0,4.7,22.0,1562969101475
0.0,0.0,4.7,22.0,1562969101577
0.0,0.0,4.7,22.0,1562969101770
0.0,0.0,4.7,22.0,1562969101779
0.0,0.0,4.7,22.0,1562969101880
0.0,0.0,4.7,22.0,1562969102076
0.0,0.0,4.7,22.0,1562969102085
0.0,0.0,4.7,22.0,1562969102184
0.0,0.0,4.7,22.0,1562969102384
35.163108825683594,139.6149139404297,4.7,22.0,1562969102384
0.0,0.0,4.7,22.0,1562969102387
0.0,0.0,4.7,22.0,1562969102488
0.0,0.0,4.7,22.0,1562969102591
0.0,0.0,4.7,22.0,1562969102693
0.0,0.0,4.7,22.0,1562969102893
0.0,0.0,4.73,22.0,1562969102894
0.0,0.0,4.73,22.0,1562969102995
0.0,0.0,4.73,22.0,1562969103120
0.0,0.0,4.73,22.0,1562969103197
0.0,0.0,4.73,22.0,1562969103300
0.0,0.0,4.73,22.0,1562969103400
0.0,0.0,4.73,22.0,1562969103501
0.0,0.0,4.73,22.0,1562969103612
0.0,0.0,4.73,22.0,1562969103706
0.0,0.0,4.73,22.0,1562969103805
0.0,0.0,4.73,22.0,1562969103921
0.0,0.0,4.73,22.0,1562969104008
0.0,0.0,4.73,22.0,1562969104109
0.0,0.0,4.73,22.0,1562969104211
0.0,0.0,4.73,22.0,1562969104312
0.0,0.0,4.73,22.0,1562969104415
0.0,0.0,4.73,22.0,1562969104515
0.0,0.0,4.73,22.0,1562969104636
0.0,0.0,4.73,22.0,1562969104719
0.0,0.0,4.76,22.0,1562969104819
0.0,0.0,4.76,22.0,1562969105046
0.0,0.0,4.76,22.0,1562969105046
0.0,0.0,4.76,22.0,1562969105124
0.0,0.0,4.76,22.0,1562969105226
0.0,0.0,4.76,22.0,1562969105353
0.0,0.0,4.76,22.0,1562969105427
0.0,0.0,4.76,22.0,1562969105528
0.0,0.0,4.76,22.0,1562969106172
0.0,0.0,4.76,22.0,1562969106237
0.0,0.0,4.76,22.0,1562969106338
0.0,0.0,4.76,22.0,1562969106440
0.0,0.0,4.76,22.0,1562969106541
0.0,0.0,4.76,22.0,1562969106684
0.0,0.0,4.76,22.0,1562969106746
0.0,0.0,4.76,22.0,1562969106845
0.0,0.0,4.76,22.0,1562969106992
0.0,0.0,4.76,22.0,1562969107048
0.0,0.0,4.76,22.0,1562969107149
0.0,0.0,4.76,22.0,1562969107299
35.16314697265625,139.61488342285156,4.76,22.0,1562969107309
0.0,0.0,4.76,22.0,1562969107352
0.0,0.0,4.76,22.0,1562969107453
0.0,0.0,4.79,22.0,1562969107656
0.0,0.0,4.79,22.0,1562969107811
0.0,0.0,4.79,22.0,1562969107861
0.0,0.0,4.79,22.0,1562969107960
0.0,0.0,4.79,22.0,1562969108118
0.0,0.0,4.81,22.0,1562969108163
0.0,0.0,4.81,22.0,1562969108264
0.0,0.0,4.81,22.0,1562969108365
0.0,0.0,4.81,22.0,1562969108466
0.0,0.0,4.81,22.0,1562969108630
0.0,0.0,4.84,22.0,1562969108670
0.0,0.0,4.84,22.0,1562969108772
0.0,0.0,4.84,22.0,1562969108937
0.0,0.0,4.84,22.0,1562969108973
0.0,0.0,4.84,22.0,1562969109074
0.0,0.0,4.84,22.0,1562969109176
0.0,0.0,4.87,22.0,1562969109277
0.0,0.0,4.87,22.0,1562969109379
0.0,0.0,4.87,22.0,1562969109626
0.0,0.0,4.87,22.0,1562969109627
0.0,0.0,4.9,22.0,1562969109682
0.0,0.0,4.9,22.0,1562969109897
0.0,0.0,4.9,22.0,1562969109897
0.0,0.0,4.9,22.0,1562969109987
0.0,0.0,4.9,22.0,1562969110167
0.0,0.0,4.9,22.0,1562969110189
0.0,0.0,4.92,22.0,1562969110472
0.0,0.0,4.92,22.0,1562969110472
0.0,0.0,4.92,22.0,1562969110494
0.0,0.0,4.92,22.0,1562969111043
0.0,0.0,4.92,22.0,1562969111047
0.0,0.0,4.92,22.0,1562969111048
0.0,0.0,4.92,22.0,1562969111048
0.0,0.0,4.92,22.0,1562969111048
35.163185119628906,139.61483764648438,4.92,22.0,1562969111049
0.0,0.0,4.92,22.0,1562969111102
0.0,0.0,4.92,22.0,1562969111337
0.0,0.0,4.92,22.0,1562969111348
0.0,0.0,4.92,22.0,1562969111641
0.0,0.0,4.92,22.0,1562969111641
0.0,0.0,4.92,22.0,1562969111709
0.0,0.0,4.92,22.0,1562969111947
0.0,0.0,4.95,22.0,1562969111948
0.0,0.0,4.95,22.0,1562969112013
0.0,0.0,4.95,22.0,1562969112248
0.0,0.0,4.95,22.0,1562969112249
0.0,0.0,4.95,22.0,1562969112317
0.0,0.0,4.95,22.0,1562969112559
0.0,0.0,4.98,22.0,1562969112560
0.0,0.0,4.98,22.0,1562969112622
0.0,0.0,4.98,22.0,1562969112723
0.0,0.0,4.98,22.0,1562969112826
0.0,0.0,4.98,22.0,1562969112930
0.0,0.0,4.98,22.0,1562969113027
0.0,0.0,4.98,22.0,1562969113128
0.0,0.0,4.98,22.0,1562969113229
0.0,0.0,5.01,22.0,1562969113331
0.0,0.0,5.01,22.0,1562969113432
0.0,0.0,5.01,22.0,1562969113534
0.0,0.0,5.01,22.0,1562969113647
0.0,0.0,5.01,22.0,1562969113736
0.0,0.0,5.01,22.0,1562969113839
0.0,0.0,5.01,22.0,1562969114057
0.0,0.0,5.03,22.0,1562969114058
0.0,0.0,5.03,22.0,1562969114141
0.0,0.0,5.03,22.0,1562969114243
0.0,0.0,5.03,22.0,1562969114344
35.16322326660156,139.61480712890625,5.03,22.0,1562969114345
0.0,0.0,5.03,22.0,1562969114445
0.0,0.0,5.03,22.0,1562969114569
0.0,0.0,5.06,22.0,1562969114649
0.0,0.0,5.06,22.0,1562969114749
0.0,0.0,5.06,22.0,1562969114876
0.0,0.0,5.06,22.0,1562969114952
0.0,0.0,5.06,22.0,1562969115053
0.0,0.0,5.06,22.0,1562969115184
0.0,0.0,5.06,22.0,1562969115256
0.0,0.0,5.06,22.0,1562969115357
0.0,0.0,5.06,22.0,1562969115491
0.0,0.0,5.06,22.0,1562969116105
0.0,0.0,5.06,22.0,1562969116106
0.0,0.0,5.06,22.0,1562969116106
0.0,0.0,5.06,22.0,1562969116106
0.0,0.0,5.06,22.0,1562969116106
0.0,0.0,5.06,22.0,1562969116107
0.0,0.0,5.06,22.0,1562969116168
0.0,0.0,5.06,22.0,1562969116270
0.0,0.0,5.06,22.0,1562969116371
0.0,0.0,5.06,22.0,1562969116472
0.0,0.0,5.06,22.0,1562969116617
35.16324234008789,139.6147918701172,5.06,22.0,1562969116622
0.0,0.0,5.03,22.0,1562969116675
0.0,0.0,5.03,22.0,1562969116776
0.0,0.0,5.03,22.0,1562969116924
0.0,0.0,5.03,22.0,1562969116981
0.0,0.0,5.03,22.0,1562969117082
0.0,0.0,5.03,22.0,1562969117231
0.0,0.0,5.03,22.0,1562969117286
0.0,0.0,5.03,22.0,1562969117386
0.0,0.0,5.01,22.0,1562969117539
0.0,0.0,5.01,22.0,1562969117590
0.0,0.0,5.01,22.0,1562969117691
0.0,0.0,5.01,22.0,1562969117895
0.0,0.0,5.01,22.0,1562969118050
0.0,0.0,5.01,22.0,1562969118095
0.0,0.0,4.98,22.0,1562969118197
0.0,0.0,4.98,22.0,1562969118298
0.0,0.0,4.98,22.0,1562969118399
0.0,0.0,4.98,22.0,1562969118563
0.0,0.0,4.98,22.0,1562969118602
0.0,0.0,4.98,22.0,1562969118703
0.0,0.0,4.98,22.0,1562969118870
0.0,0.0,4.98,22.0,1562969118908
35.16326141357422,139.61477661132812,4.98,22.0,1562969118909
0.0,0.0,4.98,22.0,1562969119007
0.0,0.0,4.98,22.0,1562969119175
0.0,0.0,4.98,22.0,1562969119210
0.0,0.0,4.98,22.0,1562969119312
0.0,0.0,5.01,22.0,1562969119413
0.0,0.0,5.01,22.0,1562969119514
0.0,0.0,5.01,22.0,1562969119689
0.0,0.0,5.01,22.0,1562969119717
0.0,0.0,5.01,22.0,1562969119818
0.0,0.0,5.03,22.0,1562969119996
0.0,0.0,5.03,22.0,1562969120021
0.0,0.0,5.03,22.0,1562969120122
0.0,0.0,5.03,22.0,1562969120304
0.0,0.0,5.06,22.0,1562969120325
0.0,0.0,5.06,22.0,1562969120426
0.0,0.0,5.06,22.0,1562969121123
0.0,0.0,5.06,22.0,1562969121124
0.0,0.0,5.09,22.0,1562969121124
0.0,0.0,5.09,22.0,1562969121124
0.0,0.0,5.09,22.0,1562969121125
0.0,0.0,5.12,22.0,1562969121125
0.0,0.0,5.12,22.0,1562969121136
0.0,0.0,5.12,22.0,1562969121237
0.0,0.0,5.14,22.0,1562969121339
0.0,0.0,5.14,22.0,1562969121440
0.0,0.0,5.14,22.0,1562969121737
0.0,0.0,5.14,22.0,1562969121738
0.0,0.0,5.14,22.0,1562969121744
0.0,0.0,5.17,22.0,1562969121845
0.0,0.0,5.17,22.0,1562969122044
0.0,0.0,5.17,22.0,1562969122048
0.0,0.0,5.17,22.0,1562969122149
0.0,0.0,5.17,22.0,1562969122352
0.0,0.0,5.17,22.0,1562969122352
35.163291931152344,139.61473083496094,5.17,22.0,1562969122352
0.0,0.0,5.17,22.0,1562969122453
0.0,0.0,5.17,22.0,1562969122652
0.0,0.0,5.17,23.0,1562969122656
0.0,0.0,5.2,23.0,1562969122758
0.0,0.0,5.2,23.0,1562969122858
0.0,0.0,5.2,23.0,1562969122963
0.0,0.0,5.2,23.0,1562969123068
0.0,0.0,5.2,23.0,1562969123162
0.0,0.0,5.2,23.0,1562969123264
0.0,0.0,5.2,23.0,1562969123365
0.0,0.0,5.17,23.0,1562969123466
0.0,0.0,5.17,23.0,1562969123580
0.0,0.0,5.17,23.0,1562969123669
0.0,0.0,5.17,23.0,1562969123772
0.0,0.0,5.17,23.0,1562969123887
0.0,0.0,5.17,23.0,1562969123975
0.0,0.0,5.17,23.0,1562969124074
0.0,0.0,5.17,23.0,1562969124212
0.0,0.0,5.17,23.0,1562969124277
0.0,0.0,5.14,23.0,1562969124378
0.0,0.0,5.14,23.0,1562969124480
0.0,0.0,5.14,23.0,1562969124581
0.0,0.0,5.14,23.0,1562969124707
35.163307189941406,139.61471557617188,5.14,23.0,1562969124709
0.0,0.0,5.14,23.0,1562969124784
0.0,0.0,5.14,23.0,1562969124885
0.0,0.0,5.14,23.0,1562969125014
0.0,0.0,5.14,23.0,1562969125088
0.0,0.0,5.12,23.0,1562969125189
0.0,0.0,5.12,23.0,1562969125322
0.0,0.0,5.12,23.0,1562969125392
0.0,0.0,5.12,23.0,1562969125493
0.0,0.0,5.12,23.0,1562969126141
0.0,0.0,5.12,23.0,1562969126141
0.0,0.0,5.12,23.0,1562969126141
0.0,0.0,5.12,23.0,1562969126142
0.0,0.0,5.12,23.0,1562969126142
0.0,0.0,5.12,23.0,1562969126142
0.0,0.0,5.12,23.0,1562969126202
0.0,0.0,5.12,23.0,1562969126304
0.0,0.0,5.12,23.0,1562969126407
0.0,0.0,5.12,23.0,1562969126506
0.0,0.0,5.12,23.0,1562969126652
0.0,0.0,5.14,23.0,1562969126709
0.0,0.0,5.14,23.0,1562969126810
0.0,0.0,5.14,23.0,1562969126959
35.16332244873047,139.61468505859375,5.14,23.0,1562969126962
0.0,0.0,5.14,23.0,1562969127015
0.0,0.0,5.14,23.0,1562969127114
0.0,0.0,5.14,23.0,1562969127268
0.0,0.0,5.14,23.0,1562969127317
0.0,0.0,5.14,23.0,1562969127419
0.0,0.0,5.14,23.0,1562969127574
0.0,0.0,5.14,23.0,1562969127622
0.0,0.0,5.14,22.0,1562969127722
0.0,0.0,5.14,22.0,1562969127826
0.0,0.0,5.14,22.0,1562969127925
0.0,0.0,5.14,22.0,1562969128084
0.0,0.0,5.14,22.0,1562969128128
0.0,0.0,5.14,22.0,1562969128229
0.0,0.0,5.14,22.0,1562969128330
0.0,0.0,5.14,22.0,1562969128432
0.0,0.0,5.14,22.0,1562969128598
0.0,0.0,5.14,22.0,1562969128636
0.0,0.0,5.14,22.0,1562969128736
0.0,0.0,5.14,22.0,1562969128905
0.0,0.0,5.14,22.0,1562969128939
0.0,0.0,5.14,22.0,1562969129042
0.0,0.0,5.14,22.0,1562969129194
0.0,0.0,5.14,22.0,1562969129245
0.0,0.0,5.14,22.0,1562969129344
0.0,0.0,5.12,22.0,1562969129445
0.0,0.0,5.12,22.0,1562969129640
0.0,0.0,5.12,22.0,1562969129651
0.0,0.0,5.12,22.0,1562969129750
0.0,0.0,5.09,22.0,1562969129921
0.0,0.0,5.09,22.0,1562969129952
0.0,0.0,5.09,22.0,1562969130201
0.0,0.0,5.09,22.0,1562969130202
0.0,0.0,5.09,22.0,1562969130256
0.0,0.0,5.09,22.0,1562969130494
0.0,0.0,5.09,22.0,1562969130495
35.16334533691406,139.61463928222656,5.09,22.0,1562969130500
0.0,0.0,5.06,22.0,1562969130597
0.0,0.0,5.09,22.0,1562969130772
0.0,0.0,5.06,22.0,1562969130773
0.0,0.0,5.06,22.0,1562969130865
0.0,0.0,5.06,22.0,1562969131473
0.0,0.0,5.03,22.0,1562969131661
0.0,0.0,5.03,22.0,1562969131681
0.0,0.0,5.03,22.0,1562969131776
0.0,0.0,5.03,22.0,1562969131966
0.0,0.0,5.03,22.0,1562969131978
0.0,0.0,5.03,22.0,1562969132082
0.0,0.0,5.03,22.0,1562969132272
0.0,0.0,5.03,22.0,1562969132282
0.0,0.0,5.03,22.0,1562969132384
0.0,0.0,5.03,22.0,1562969132575
0.0,0.0,5.03,22.0,1562969132586
0.0,0.0,5.03,23.0,1562969132688
0.0,0.0,5.03,23.0,1562969132789
0.0,0.0,5.03,23.0,1562969132898
0.0,0.0,5.06,23.0,1562969132992
0.0,0.0,5.06,23.0,1562969133095
0.0,0.0,5.06,23.0,1562969133194
0.0,0.0,5.09,23.0,1562969133297
0.0,0.0,5.09,23.0,1562969133397
0.0,0.0,5.09,23.0,1562969133498
0.0,0.0,5.09,23.0,1562969133615
0.0,0.0,5.09,23.0,1562969133701
0.0,0.0,5.09,23.0,1562969133802
0.0,0.0,5.09,23.0,1562969133925
0.0,0.0,5.09,23.0,1562969134005
0.0,0.0,5.09,23.0,1562969134108
0.0,0.0,5.09,23.0,1562969134207
0.0,0.0,5.09,23.0,1562969134309
0.0,0.0,5.09,23.0,1562969134410
0.0,0.0,5.12,23.0,1562969134511
0.0,0.0,5.09,23.0,1562969134639
0.0,0.0,5.09,23.0,1562969134714
0.0,0.0,5.09,23.0,1562969134815
0.0,0.0,5.09,23.0,1562969134947
0.0,0.0,5.09,23.0,1562969135018
35.16337203979492,139.61459350585938,5.09,23.0,1562969135020
0.0,0.0,5.09,23.0,1562969135121
0.0,0.0,5.09,23.0,1562969135254
0.0,0.0,5.09,23.0,1562969135322
0.0,0.0,5.09,23.0,1562969135423
0.0,0.0,5.09,23.0,1562969135561
0.0,0.0,5.09,23.0,1562969135627
0.0,0.0,5.09,23.0,1562969135729
0.0,0.0,5.09,23.0,1562969135870
0.0,0.0,5.09,23.0,1562969135930
0.0,0.0,5.09,23.0,1562969136474
0.0,0.0,5.09,23.0,1562969136479
0.0,0.0,5.09,23.0,1562969136480
0.0,0.0,5.09,23.0,1562969136480
0.0,0.0,5.09,23.0,1562969136480
0.0,0.0,5.09,23.0,1562969136538
0.0,0.0,5.09,23.0,1562969136639
0.0,0.0,5.09,23.0,1562969136740
0.0,0.0,5.09,23.0,1562969136842
0.0,0.0,5.06,23.0,1562969137097
0.0,0.0,5.09,23.0,1562969137097
0.0,0.0,5.09,23.0,1562969137149
0.0,0.0,5.09,23.0,1562969137247
35.163387298583984,139.61456298828125,5.09,23.0,1562969137304
0.0,0.0,5.09,23.0,1562969137416
0.0,0.0,5.09,23.0,1562969137451
0.0,0.0,5.09,23.0,1562969137552
0.0,0.0,5.09,23.0,1562969137685
0.0,0.0,5.09,23.0,1562969137754
0.0,0.0,5.09,23.0,1562969137855
0.0,0.0,5.09,23.0,1562969137957
0.0,0.0,5.09,23.0,1562969138058
0.0,0.0,5.09,23.0,1562969138199
0.0,0.0,5.12,23.0,1562969138261
0.0,0.0,5.12,23.0,1562969138362
0.0,0.0,5.12,23.0,1562969138464
0.0,0.0,5.12,23.0,1562969138565
0.0,0.0,5.14,23.0,1562969138736
0.0,0.0,5.14,23.0,1562969138768
0.0,0.0,5.14,23.0,1562969138869
0.0,0.0,5.14,23.0,1562969139042
0.0,0.0,5.14,23.0,1562969139072
0.0,0.0,5.14,23.0,1562969139175
0.0,0.0,5.14,23.0,1562969139274
0.0,0.0,5.17,23.0,1562969139376
0.0,0.0,5.17,23.0,1562969139657
0.0,0.0,5.17,23.0,1562969139658
35.16340255737305,139.6145477294922,5.17,23.0,1562969139671
0.0,0.0,5.17,23.0,1562969139680
0.0,0.0,5.17,23.0,1562969139781
0.0,0.0,5.17,23.0,1562969139965
0.0,0.0,5.2,23.0,1562969139988
0.0,0.0,5.2,23.0,1562969140085
0.0,0.0,5.2,23.0,1562969140271
0.0,0.0,5.2,23.0,1562969140290
0.0,0.0,5.2,23.0,1562969140389
0.0,0.0,5.22,23.0,1562969140579
0.0,0.0,5.22,23.0,1562969140592
0.0,0.0,5.22,23.0,1562969140693
0.0,0.0,5.22,23.0,1562969140886
0.0,0.0,5.22,23.0,1562969140897
0.0,0.0,5.22,23.0,1562969141474
0.0,0.0,5.25,23.0,1562969141479
0.0,0.0,5.25,23.0,1562969141479
0.0,0.0,5.28,23.0,1562969141479
0.0,0.0,5.28,23.0,1562969141504
0.0,0.0,5.28,23.0,1562969141605
0.0,0.0,5.28,23.0,1562969141707
0.0,0.0,5.28,23.0,1562969141808
0.0,0.0,5.31,23.0,1562969142012
0.0,0.0,5.31,23.0,1562969142013
35.163421630859375,139.61453247070312,5.31,23.0,1562969142013
0.0,0.0,5.31,23.0,1562969142214
0.0,0.0,5.31,23.0,1562969142422
0.0,0.0,5.31,23.0,1562969142422
0.0,0.0,5.31,23.0,1562969142517
0.0,0.0,5.31,23.0,1562969142618
0.0,0.0,5.33,22.0,1562969142720
0.0,0.0,5.33,22.0,1562969142821
0.0,0.0,5.33,22.0,1562969142923
0.0,0.0,5.31,22.0,1562969143025
0.0,0.0,5.31,22.0,1562969143138
0.0,0.0,5.31,22.0,1562969143226
0.0,0.0,5.31,22.0,1562969143330
0.0,0.0,5.28,22.0,1562969143429
0.0,0.0,5.28,22.0,1562969143531
0.0,0.0,5.25,22.0,1562969143650
0.0,0.0,5.25,22.0,1562969143733
0.0,0.0,5.22,22.0,1562969143835
0.0,0.0,5.2,22.0,1562969143958
0.0,0.0,5.2,22.0,1562969144037
0.0,0.0,5.17,22.0,1562969144138
0.0,0.0,5.14,22.0,1562969144240
0.0,0.0,5.14,22.0,1562969144343
0.0,0.0,5.12,22.0,1562969144442
0.0,0.0,5.06,22.0,1562969144546
0.0,0.0,5.01,22.0,1562969144777
0.0,0.0,4.95,22.0,1562969144778
0.0,0.0,4.92,22.0,1562969144847
0.0,0.0,4.87,22.0,1562969144949
0.0,0.0,4.84,22.0,1562969145085
0.0,0.0,4.79,22.0,1562969145151
0.0,0.0,4.73,22.0,1562969145252
0.0,0.0,4.7,22.0,1562969145391
35.163455963134766,139.61448669433594,4.7,22.0,1562969145392
0.0,0.0,4.65,22.0,1562969145455
0.0,0.0,4.59,22.0,1562969145556
0.0,0.0,4.57,22.0,1562969145698
0.0,0.0,4.51,22.0,1562969145759
0.0,0.0,4.46,22.0,1562969145860
0.0,0.0,4.4,22.0,1562969146006
0.0,0.0,4.38,22.0,1562969146063
0.0,0.0,4.35,22.0,1562969146164
0.0,0.0,4.32,22.0,1562969146279
0.0,0.0,4.29,22.0,1562969146368
0.0,0.0,4.27,22.0,1562969146468
0.0,0.0,4.21,22.0,1562969146569
0.0,0.0,4.18,22.0,1562969146670
0.0,0.0,4.16,22.0,1562969146825
0.0,0.0,4.16,22.0,1562969146873
0.0,0.0,4.13,22.0,1562969146974
0.0,0.0,4.1,22.0,1562969147132
0.0,0.0,4.07,22.0,1562969147177
0.0,0.0,3.99,22.0,1562969147786
35.163475036621094,139.61447143554688,3.99,22.0,1562969147788
0.0,0.0,3.99,22.0,1562969147886
0.0,0.0,3.99,22.0,1562969147987
0.0,0.0,3.99,22.0,1562969148088
0.0,0.0,3.99,22.0,1562969148216
0.0,0.0,3.97,22.0,1562969148291
0.0,0.0,3.97,22.0,1562969148394
0.0,0.0,3.99,22.0,1562969148493
0.0,0.0,4.02,22.0,1562969148770
0.0,0.0,4.07,22.0,1562969148799
0.0,0.0,4.07,22.0,1562969148899
0.0,0.0,4.1,22.0,1562969149078
0.0,0.0,4.13,22.0,1562969149102
0.0,0.0,4.16,22.0,1562969149203
0.0,0.0,4.18,22.0,1562969149319
0.0,0.0,4.21,22.0,1562969149406
0.0,0.0,4.18,22.0,1562969149649
0.0,0.0,4.18,22.0,1562969149650
0.0,0.0,4.21,22.0,1562969149710
0.0,0.0,4.21,22.0,1562969149920
0.0,0.0,4.24,22.0,1562969149921
0.0,0.0,4.29,22.0,1562969150014
0.0,0.0,4.27,22.0,1562969150202
0.0,0.0,4.27,22.0,1562969150216
0.0,0.0,4.29,22.0,1562969150318
0.0,0.0,4.35,22.0,1562969150491
0.0,0.0,4.35,22.0,1562969150522
0.0,0.0,4.38,22.0,1562969150789
0.0,0.0,4.38,22.0,1562969150790
0.0,0.0,4.4,22.0,1562969150824
0.0,0.0,4.4,22.0,1562969151091
0.0,0.0,4.46,22.0,1562969151101
0.0,0.0,4.49,22.0,1562969151130
35.163509368896484,139.6144256591797,4.49,22.0,1562969151306
0.0,0.0,4.49,22.0,1562969151369
0.0,0.0,4.49,22.0,1562969151369
0.0,0.0,4.54,22.0,1562969151433
0.0,0.0,4.54,22.0,1562969151679
0.0,0.0,4.57,22.0,1562969151685
0.0,0.0,4.59,22.0,1562969151737
0.0,0.0,4.62,22.0,1562969152372
0.0,0.0,4.59,22.0,1562969152372
0.0,0.0,4.57,22.0,1562969152374
0.0,0.0,4.57,22.0,1562969152375
0.0,0.0,4.54,22.0,1562969152375
0.0,0.0,4.57,22.0,1562969152375
0.0,0.0,4.59,22.0,1562969152589
0.0,0.0,4.62,22.0,1562969152590
0.0,0.0,4.62,22.0,1562969152649
0.0,0.0,4.65,22.0,1562969152750
0.0,0.0,4.68,22.0,1562969152851
0.0,0.0,4.7,22.0,1562969152953
0.0,0.0,4.76,22.0,1562969153054
0.0,0.0,4.79,22.0,1562969153174
0.0,0.0,4.79,22.0,1562969153257
0.0,0.0,4.81,22.0,1562969153358
0.0,0.0,4.84,22.0,1562969153459
0.0,0.0,4.84,22.0,1562969153563
35.16352462768555,139.61441040039062,4.84,22.0,1562969153563
0.0,0.0,4.87,22.0,1562969153686
0.0,0.0,4.9,22.0,1562969153763
0.0,0.0,4.9,22.0,1562969153865
0.0,0.0,4.9,22.0,1562969153993
0.0,0.0,4.92,22.0,1562969154068
0.0,0.0,4.95,22.0,1562969154169
0.0,0.0,4.95,22.0,1562969154270
0.0,0.0,4.95,22.0,1562969154371
0.0,0.0,4.98,22.0,1562969154473
0.0,0.0,5.01,22.0,1562969154576
0.0,0.0,5.01,22.0,1562969154710
0.0,0.0,5.03,22.0,1562969154777
0.0,0.0,5.06,22.0,1562969154878
0.0,0.0,5.06,22.0,1562969155017
0.0,0.0,5.09,22.0,1562969155081
0.0,0.0,5.12,22.0,1562969155182
0.0,0.0,5.14,22.0,1562969155325
0.0,0.0,5.14,22.0,1562969155385
0.0,0.0,5.2,22.0,1562969155487
0.0,0.0,5.2,22.0,1562969155631
0.0,0.0,5.2,22.0,1562969155689
0.0,0.0,5.2,22.0,1562969155790
0.0,0.0,5.2,22.0,1562969155940
0.0,0.0,5.2,22.0,1562969155993
0.0,0.0,5.2,22.0,1562969156095
0.0,0.0,5.2,22.0,1562969156246
0.0,0.0,5.17,22.0,1562969156297
0.0,0.0,5.17,22.0,1562969156398
0.0,0.0,5.17,22.0,1562969156963
0.0,0.0,5.14,22.0,1562969156964
0.0,0.0,5.14,22.0,1562969156965
0.0,0.0,5.14,22.0,1562969156965
0.0,0.0,5.14,22.0,1562969156965
35.16355514526367,139.61436462402344,5.14,22.0,1562969156969
0.0,0.0,5.14,22.0,1562969157007
0.0,0.0,5.14,22.0,1562969157108
0.0,0.0,5.14,22.0,1562969157209
0.0,0.0,5.14,22.0,1562969157311
0.0,0.0,5.14,22.0,1562969157577
0.0,0.0,5.14,22.0,1562969157578
0.0,0.0,5.14,22.0,1562969157617
0.0,0.0,5.14,22.0,1562969157716
0.0,0.0,5.14,22.0,1562969157841
0.0,0.0,5.14,22.0,1562969157919
0.0,0.0,5.14,22.0,1562969158020
0.0,0.0,5.14,22.0,1562969158121
0.0,0.0,5.14,22.0,1562969158223
0.0,0.0,5.14,22.0,1562969158324
0.0,0.0,5.14,22.0,1562969158425
0.0,0.0,5.14,22.0,1562969158527
0.0,0.0,5.14,22.0,1562969158630
0.0,0.0,5.14,22.0,1562969158806
0.0,0.0,5.14,22.0,1562969158832
0.0,0.0,5.14,22.0,1562969158932
0.0,0.0,5.14,22.0,1562969159114
0.0,0.0,5.14,22.0,1562969159135
0.0,0.0,5.14,22.0,1562969159236
0.0,0.0,5.14,22.0,1562969159337
0.0,0.0,5.14,22.0,1562969159439
0.0,0.0,5.14,22.0,1562969159625
0.0,0.0,5.14,22.0,1562969159643
0.0,0.0,5.14,22.0,1562969159743
0.0,0.0,5.14,22.0,1562969159932
0.0,0.0,5.14,22.0,1562969159956
0.0,0.0,5.17,22.0,1562969160239
0.0,0.0,5.17,22.0,1562969160258
0.0,0.0,5.17,22.0,1562969160351
35.1635856628418,139.61431884765625,5.17,22.0,1562969160351
0.0,0.0,5.2,22.0,1562969160546
0.0,0.0,5.2,22.0,1562969160554
0.0,0.0,5.2,22.0,1562969160657
0.0,0.0,5.22,22.0,1562969160854
0.0,0.0,5.22,22.0,1562969160858
0.0,0.0,5.22,22.0,1562969160959
0.0,0.0,5.25,22.0,1562969161161
0.0,0.0,5.25,22.0,1562969161161
0.0,0.0,5.25,22.0,1562969161263
0.0,0.0,5.28,22.0,1562969161364
0.0,0.0,5.28,22.0,1562969161980
0.0,0.0,5.31,22.0,1562969161981
0.0,0.0,5.31,22.0,1562969161981
0.0,0.0,5.31,22.0,1562969161981
0.0,0.0,5.31,22.0,1562969161981
0.0,0.0,5.31,22.0,1562969161981
0.0,0.0,5.33,22.0,1562969162074
0.0,0.0,5.33,22.0,1562969162175
0.0,0.0,5.36,22.0,1562969162277
0.0,0.0,5.39,22.0,1562969162378
0.0,0.0,5.39,22.0,1562969162492
0.0,0.0,5.42,22.0,1562969162581
35.16360092163086,139.6143035888672,5.42,22.0,1562969162581
0.0,0.0,5.42,22.0,1562969162685
0.0,0.0,5.44,22.0,1562969162799
0.0,0.0,5.47,22.0,1562969162885
0.0,0.0,5.5,22.0,1562969162986
0.0,0.0,5.53,22.0,1562969163087
0.0,0.0,5.53,22.0,1562969163188
0.0,0.0,5.55,22.0,1562969163290
0.0,0.0,5.55,22.0,1562969163391
0.0,0.0,5.55,22.0,1562969163493
0.0,0.0,5.55,22.0,1562969163594
0.0,0.0,5.55,22.0,1562969163721
0.0,0.0,5.55,22.0,1562969163797
0.0,0.0,5.58,22.0,1562969163898
0.0,0.0,5.55,22.0,1562969164028
0.0,0.0,5.58,22.0,1562969164101
0.0,0.0,5.58,22.0,1562969164202
0.0,0.0,5.58,22.0,1562969164304
0.0,0.0,5.58,22.0,1562969164405
0.0,0.0,5.58,22.0,1562969164506
0.0,0.0,5.58,22.0,1562969164608
0.0,0.0,5.58,22.0,1562969164745
0.0,0.0,5.58,22.0,1562969164810
0.0,0.0,5.58,22.0,1562969164916
0.0,0.0,5.61,22.0,1562969165052
0.0,0.0,5.61,22.0,1562969165114
0.0,0.0,5.61,22.0,1562969165216
0.0,0.0,5.61,22.0,1562969165359
0.0,0.0,5.61,22.0,1562969165418
0.0,0.0,5.58,22.0,1562969165520
0.0,0.0,5.58,22.0,1562969165666
0.0,0.0,5.58,22.0,1562969165725
0.0,0.0,5.58,22.0,1562969165824
0.0,0.0,5.58,22.0,1562969165974
0.0,0.0,5.58,22.0,1562969166026
0.0,0.0,5.55,22.0,1562969166128
0.0,0.0,5.53,22.0,1562969166281
0.0,0.0,5.53,22.0,1562969166330
0.0,0.0,5.5,22.0,1562969166451
0.0,0.0,5.47,22.0,1562969166998
0.0,0.0,5.47,22.0,1562969166998
0.0,0.0,5.44,22.0,1562969166999
0.0,0.0,5.42,22.0,1562969166999
0.0,0.0,5.42,22.0,1562969166999
0.0,0.0,5.39,22.0,1562969167040
0.0,0.0,5.36,22.0,1562969167141
0.0,0.0,5.36,22.0,1562969167242
0.0,0.0,5.33,22.0,1562969167344
35.163631439208984,139.6142578125,5.33,22.0,1562969167344
0.0,0.0,5.31,22.0,1562969167510
0.0,0.0,5.31,22.0,1562969167546
0.0,0.0,5.28,22.0,1562969167648
0.0,0.0,5.2,23.0,1562969167951
0.0,0.0,5.17,23.0,1562969168053
0.0,0.0,5.14,23.0,1562969168155
0.0,0.0,5.09,23.0,1562969168255
0.0,0.0,5.06,23.0,1562969168356
0.0,0.0,5.03,23.0,1562969168461
0.0,0.0,5.01,23.0,1562969168559
0.0,0.0,4.95,23.0,1562969168660
0.0,0.0,4.92,23.0,1562969168839
0.0,0.0,4.9,23.0,1562969168863
0.0,0.0,4.84,23.0,1562969168964
0.0,0.0,4.79,23.0,1562969169151
0.0,0.0,4.73,23.0,1562969169168
0.0,0.0,4.7,23.0,1562969169268
0.0,0.0,4.65,23.0,1562969169369
0.0,0.0,4.57,23.0,1562969169470
0.0,0.0,4.54,23.0,1562969169644
0.0,0.0,4.49,23.0,1562969169673
0.0,0.0,4.46,23.0,1562969169925
0.0,0.0,4.43,23.0,1562969169926
0.0,0.0,4.38,23.0,1562969169977
0.0,0.0,4.32,23.0,1562969170215
0.0,0.0,4.29,23.0,1562969170216
0.0,0.0,4.27,23.0,1562969170290
0.0,0.0,4.21,23.0,1562969170521
0.0,0.0,4.16,23.0,1562969170523
0.0,0.0,4.07,23.0,1562969170584
0.0,0.0,4.07,23.0,1562969170813
0.0,0.0,3.99,23.0,1562969170814
35.16365432739258,139.6142120361328,3.99,23.0,1562969170814
0.0,0.0,3.97,23.0,1562969170888
0.0,0.0,3.88,23.0,1562969171103
0.0,0.0,3.86,23.0,1562969171104
0.0,0.0,3.83,23.0,1562969171193
0.0,0.0,3.77,23.0,1562969171410
0.0,0.0,3.75,23.0,1562969171411
0.0,0.0,3.69,23.0,1562969171717
0.0,0.0,3.66,23.0,1562969171717
0.0,0.0,3.61,23.0,1562969171720
0.0,0.0,3.58,23.0,1562969171801
0.0,0.0,3.55,23.0,1562969172020
0.0,0.0,3.53,23.0,1562969172020
0.0,0.0,3.5,23.0,1562969172103
0.0,0.0,3.47,23.0,1562969172704
0.0,0.0,3.44,23.0,1562969172716
0.0,0.0,3.42,23.0,1562969172718
0.0,0.0,3.42,23.0,1562969172718
0.0,0.0,3.44,23.0,1562969172719
0.0,0.0,3.44,23.0,1562969172720
0.0,0.0,3.44,23.0,1562969172814
0.0,0.0,3.44,22.0,1562969172914
0.0,0.0,3.42,22.0,1562969173015
0.0,0.0,3.39,22.0,1562969173116
35.163665771484375,139.61419677734375,3.39,22.0,1562969173117
0.0,0.0,3.42,22.0,1562969173244
0.0,0.0,3.42,22.0,1562969173321
0.0,0.0,3.42,22.0,1562969173420
0.0,0.0,3.44,22.0,1562969173521
0.0,0.0,3.44,22.0,1562969173623
0.0,0.0,3.5,22.0,1562969173756
0.0,0.0,3.53,22.0,1562969173827
0.0,0.0,3.53,22.0,1562969173927
0.0,0.0,3.55,22.0,1562969174063
0.0,0.0,3.55,22.0,1562969174129
0.0,0.0,3.58,22.0,1562969174230
0.0,0.0,3.61,22.0,1562969174333
0.0,0.0,3.61,22.0,1562969174433
0.0,0.0,3.66,22.0,1562969174535
0.0,0.0,3.66,22.0,1562969174636
0.0,0.0,3.72,22.0,1562969174780
0.0,0.0,3.75,22.0,1562969174841
0.0,0.0,3.8,22.0,1562969174940
0.0,0.0,3.83,22.0,1562969175087
0.0,0.0,3.88,22.0,1562969175143
0.0,0.0,3.97,22.0,1562969175244
0.0,0.0,3.99,22.0,1562969175497
35.16368103027344,139.61415100097656,3.99,22.0,1562969175497
0.0,0.0,4.07,22.0,1562969175498
0.0,0.0,4.13,22.0,1562969175548
0.0,0.0,4.21,22.0,1562969175650
0.0,0.0,4.24,22.0,1562969175804
0.0,0.0,4.29,22.0,1562969175855
0.0,0.0,4.35,22.0,1562969175954
0.0,0.0,4.4,22.0,1562969176111
0.0,0.0,4.49,22.0,1562969176157
0.0,0.0,4.54,22.0,1562969176258
0.0,0.0,4.62,22.0,1562969176360
0.0,0.0,4.68,22.0,1562969176461
0.0,0.0,4.73,22.0,1562969176562
0.0,0.0,4.79,22.0,1562969176664
0.0,0.0,4.84,22.0,1562969176829
0.0,0.0,4.9,22.0,1562969176870
0.0,0.0,4.92,22.0,1562969176968
0.0,0.0,4.95,22.0,1562969177135
0.0,0.0,4.98,22.0,1562969177171
0.0,0.0,5.03,22.0,1562969177750
0.0,0.0,5.06,22.0,1562969177751
0.0,0.0,5.09,22.0,1562969177752
0.0,0.0,5.12,22.0,1562969177752
0.0,0.0,5.14,22.0,1562969177753
0.0,0.0,5.2,22.0,1562969177788
0.0,0.0,5.22,21.0,1562969177883
0.0,0.0,5.22,21.0,1562969177982
0.0,0.0,5.28,21.0,1562969178083
0.0,0.0,5.28,21.0,1562969178261
0.0,0.0,5.28,21.0,1562969178286
0.0,0.0,5.28,21.0,1562969178387
0.0,0.0,5.28,21.0,1562969178488
0.0,0.0,5.25,21.0,1562969178590
0.0,0.0,5.22,21.0,1562969178773
0.0,0.0,5.22,21.0,1562969178792
35.1636962890625,139.61412048339844,5.22,21.0,1562969178796
0.0,0.0,5.22,21.0,1562969178896
0.0,0.0,5.22,21.0,1562969179081
0.0,0.0,5.2,21.0,1562969179097
0.0,0.0,5.2,21.0,1562969179198
0.0,0.0,5.17,21.0,1562969179311
0.0,0.0,5.14,21.0,1562969179401
0.0,0.0,5.09,21.0,1562969179502
0.0,0.0,5.06,21.0,1562969179603
0.0,0.0,5.06,21.0,1562969179704
0.0,0.0,5.01,21.0,1562969179900
0.0,0.0,5.01,21.0,1562969179909
0.0,0.0,4.98,21.0,1562969180008
0.0,0.0,4.92,21.0,1562969180207
0.0,0.0,4.95,21.0,1562969180211
0.0,0.0,4.98,21.0,1562969180312
0.0,0.0,4.98,21.0,1562969180617
0.0,0.0,4.95,21.0,1562969180617
0.0,0.0,4.95,21.0,1562969180617
0.0,0.0,4.98,21.0,1562969180717
0.0,0.0,5.01,21.0,1562969180924
0.0,0.0,5.01,21.0,1562969181023
0.0,0.0,5.01,21.0,1562969181123
35.16370391845703,139.6140899658203,5.01,21.0,1562969181127
0.0,0.0,5.06,21.0,1562969181230
0.0,0.0,5.06,21.0,1562969181325
0.0,0.0,5.09,21.0,1562969181428
0.0,0.0,5.09,21.0,1562969181528
0.0,0.0,5.12,21.0,1562969181629
0.0,0.0,5.12,21.0,1562969181743
0.0,0.0,5.17,21.0,1562969181832
0.0,0.0,5.2,21.0,1562969181936
0.0,0.0,5.2,21.0,1562969182050
0.0,0.0,5.2,21.0,1562969182138
0.0,0.0,5.2,21.0,1562969182767
0.0,0.0,5.2,21.0,1562969182768
0.0,0.0,5.22,21.0,1562969182768
0.0,0.0,5.25,21.0,1562969182769
0.0,0.0,5.28,21.0,1562969182769
0.0,0.0,5.31,21.0,1562969182770
0.0,0.0,5.31,21.0,1562969182848
0.0,0.0,5.33,22.0,1562969182951
0.0,0.0,5.36,22.0,1562969183051
0.0,0.0,5.39,22.0,1562969183152
0.0,0.0,5.44,22.0,1562969183279
0.0,0.0,5.47,22.0,1562969183355
0.0,0.0,5.47,22.0,1562969183456
0.0,0.0,5.47,22.0,1562969183557
0.0,0.0,5.47,22.0,1562969183659
0.0,0.0,5.5,22.0,1562969183791
0.0,0.0,5.53,22.0,1562969183862
0.0,0.0,5.53,22.0,1562969183965
0.0,0.0,5.53,22.0,1562969184098
0.0,0.0,5.53,22.0,1562969184166
0.0,0.0,5.53,22.0,1562969184268
0.0,0.0,5.53,22.0,1562969184369
0.0,0.0,5.53,22.0,1562969184471
0.0,0.0,5.53,22.0,1562969184571
35.16373062133789,139.61404418945312,5.53,22.0,1562969184572
0.0,0.0,5.53,22.0,1562969184672
0.0,0.0,5.53,22.0,1562969184816
0.0,0.0,5.5,22.0,1562969184877
0.0,0.0,5.53,22.0,1562969184979
0.0,0.0,5.55,22.0,1562969185121
0.0,0.0,5.55,22.0,1562969185179
0.0,0.0,5.55,22.0,1562969185281
0.0,0.0,5.55,22.0,1562969185429
0.0,0.0,5.55,22.0,1562969185483
0.0,0.0,5.58,22.0,1562969185585
0.0,0.0,5.58,22.0,1562969185737
0.0,0.0,5.58,22.0,1562969185787
0.0,0.0,5.58,22.0,1562969185889
0.0,0.0,5.58,22.0,1562969186044
0.0,0.0,5.58,22.0,1562969186091
0.0,0.0,5.58,22.0,1562969186193
0.0,0.0,5.58,22.0,1562969186351
0.0,0.0,5.55,22.0,1562969186395
0.0,0.0,5.55,22.0,1562969186497
0.0,0.0,5.55,22.0,1562969186598
0.0,0.0,5.55,22.0,1562969186700
0.0,0.0,5.55,22.0,1562969186863
0.0,0.0,5.55,22.0,1562969186902
0.0,0.0,5.53,22.0,1562969187006
0.0,0.0,5.53,22.0,1562969187169
0.0,0.0,5.53,22.0,1562969187785
0.0,0.0,5.53,22.0,1562969187785
0.0,0.0,5.53,22.0,1562969187786
0.0,0.0,5.53,22.0,1562969187786
0.0,0.0,5.53,22.0,1562969187786
0.0,0.0,5.53,22.0,1562969187786
0.0,0.0,5.53,22.0,1562969187814
0.0,0.0,5.55,22.0,1562969187915
0.0,0.0,5.55,22.0,1562969188019
0.0,0.0,5.53,22.0,1562969188118
0.0,0.0,5.53,22.0,1562969188297
0.0,0.0,5.5,22.0,1562969188321
0.0,0.0,5.5,22.0,1562969188422
0.0,0.0,5.5,22.0,1562969188523
0.0,0.0,5.5,22.0,1562969188625
0.0,0.0,5.5,22.0,1562969188809
0.0,0.0,5.5,22.0,1562969188827
0.0,0.0,5.5,22.0,1562969188929
0.0,0.0,5.5,22.0,1562969189116
35.163753509521484,139.61399841308594,5.5,22.0,1562969189118
0.0,0.0,5.5,22.0,1562969189131
0.0,0.0,5.5,22.0,1562969189233
0.0,0.0,5.47,22.0,1562969189338
0.0,0.0,5.47,22.0,1562969189436
0.0,0.0,5.47,22.0,1562969189651
0.0,0.0,5.47,22.0,1562969189652
0.0,0.0,5.47,22.0,1562969189739
0.0,0.0,5.47,22.0,1562969189922
0.0,0.0,5.47,22.0,1562969189942
0.0,0.0,5.47,22.0,1562969190202
0.0,0.0,5.47,22.0,1562969190203
0.0,0.0,5.47,22.0,1562969190246
0.0,0.0,5.5,22.0,1562969190498
0.0,0.0,5.5,22.0,1562969190499
0.0,0.0,5.5,22.0,1562969190550
0.0,0.0,5.5,22.0,1562969190783
0.0,0.0,5.5,22.0,1562969190783
0.0,0.0,5.5,22.0,1562969190854
0.0,0.0,5.5,22.0,1562969191072
0.0,0.0,5.5,22.0,1562969191086
0.0,0.0,5.47,22.0,1562969191158
0.0,0.0,5.47,22.0,1562969191378
0.0,0.0,5.5,22.0,1562969191379
0.0,0.0,5.5,22.0,1562969191462
35.16376495361328,139.6139678955078,5.5,22.0,1562969191463
0.0,0.0,5.5,22.0,1562969191685
0.0,0.0,5.5,22.0,1562969191685
0.0,0.0,5.5,22.0,1562969191766
0.0,0.0,5.5,22.0,1562969191988
0.0,0.0,5.5,22.0,1562969191988
0.0,0.0,5.5,22.0,1562969192072
0.0,0.0,5.53,22.0,1562969192703
0.0,0.0,5.53,22.0,1562969192704
0.0,0.0,5.53,22.0,1562969192705
0.0,0.0,5.53,22.0,1562969192706
0.0,0.0,5.53,22.0,1562969192706
0.0,0.0,5.53,22.0,1562969192706
0.0,0.0,5.53,22.0,1562969192780
0.0,0.0,5.55,22.0,1562969192881
0.0,0.0,5.55,23.0,1562969192983
0.0,0.0,5.55,23.0,1562969193086
0.0,0.0,5.55,23.0,1562969193185
0.0,0.0,5.55,23.0,1562969193289
0.0,0.0,5.55,23.0,1562969193388
0.0,0.0,5.55,23.0,1562969193489
0.0,0.0,5.55,23.0,1562969193591
0.0,0.0,5.55,23.0,1562969193692
0.0,0.0,5.55,23.0,1562969193826
0.0,0.0,5.55,23.0,1562969193895
0.0,0.0,5.55,23.0,1562969193996
0.0,0.0,5.55,23.0,1562969194133
0.0,0.0,5.55,23.0,1562969194199
0.0,0.0,5.55,23.0,1562969194300
0.0,0.0,5.55,23.0,1562969194401
0.0,0.0,5.55,23.0,1562969194503
0.0,0.0,5.55,23.0,1562969194706
0.0,0.0,5.55,23.0,1562969194850
35.16379165649414,139.61392211914062,5.55,23.0,1562969194851
0.0,0.0,5.55,23.0,1562969194908
0.0,0.0,5.55,23.0,1562969195010
0.0,0.0,5.55,23.0,1562969195157
0.0,0.0,5.55,23.0,1562969195212
0.0,0.0,5.55,23.0,1562969195313
0.0,0.0,5.55,23.0,1562969195465
0.0,0.0,5.55,23.0,1562969195516
0.0,0.0,5.55,23.0,1562969195618
0.0,0.0,5.55,23.0,1562969195772
0.0,0.0,5.55,23.0,1562969195820
0.0,0.0,5.55,23.0,1562969195922
0.0,0.0,5.55,23.0,1562969196079
0.0,0.0,5.55,23.0,1562969196126
0.0,0.0,5.55,23.0,1562969196226
0.0,0.0,5.55,23.0,1562969196386
0.0,0.0,5.55,23.0,1562969196428
0.0,0.0,5.55,23.0,1562969196530
0.0,0.0,5.55,23.0,1562969196632
0.0,0.0,5.55,23.0,1562969196732
0.0,0.0,5.55,23.0,1562969196898
0.0,0.0,5.55,23.0,1562969196936
0.0,0.0,5.55,23.0,1562969197036
0.0,0.0,5.55,23.0,1562969197719
0.0,0.0,5.55,23.0,1562969197740
0.0,0.0,5.55,23.0,1562969197741
0.0,0.0,5.55,23.0,1562969197741
0.0,0.0,5.55,23.0,1562969197741
0.0,0.0,5.55,23.0,1562969197741
0.0,0.0,5.55,23.0,1562969197746
0.0,0.0,5.58,23.0,1562969197848
0.0,0.0,5.58,23.0,1562969197949
0.0,0.0,5.58,23.0,1562969198050
0.0,0.0,5.58,23.0,1562969198153
0.0,0.0,5.58,23.0,1562969198253
0.0,0.0,5.58,23.0,1562969198361
0.0,0.0,5.58,23.0,1562969198455
0.0,0.0,5.58,23.0,1562969198557
0.0,0.0,5.58,23.0,1562969198658
0.0,0.0,5.61,23.0,1562969198759
35.16381072998047,139.61387634277344,5.61,23.0,1562969198761
0.0,0.0,5.61,23.0,1562969198946
0.0,0.0,5.58,23.0,1562969198962
0.0,0.0,5.58,23.0,1562969199063
0.0,0.0,5.58,23.0,1562969199251
0.0,0.0,5.58,23.0,1562969199268
0.0,0.0,5.58,23.0,1562969199367
0.0,0.0,5.61,23.0,1562969199469
0.0,0.0,5.61,23.0,1562969199571
0.0,0.0,5.61,23.0,1562969199765
0.0,0.0,5.61,23.0,1562969199773
0.0,0.0,5.61,23.0,1562969199874
0.0,0.0,5.61,23.0,1562969200073
0.0,0.0,5.61,23.0,1562969200077
0.0,0.0,5.61,23.0,1562969200180
0.0,0.0,5.61,23.0,1562969200380
0.0,0.0,5.61,23.0,1562969200382
0.0,0.0,5.61,23.0,1562969200482
0.0,0.0,5.61,23.0,1562969200687
0.0,0.0,5.61,23.0,1562969200688
0.0,0.0,5.61,23.0,1562969200786
0.0,0.0,5.61,23.0,1562969200889
0.0,0.0,5.61,23.0,1562969201097
0.0,0.0,5.58,23.0,1562969201098
0.0,0.0,5.58,23.0,1562969201194
0.0,0.0,5.58,23.0,1562969201293
0.0,0.0,5.58,23.0,1562969201404
0.0,0.0,5.61,23.0,1562969201496
0.0,0.0,5.61,23.0,1562969201597
0.0,0.0,5.61,23.0,1562969201698
0.0,0.0,5.61,23.0,1562969201800
0.0,0.0,5.61,23.0,1562969201916
0.0,0.0,5.61,23.0,1562969202001
0.0,0.0,5.61,23.0,1562969202104
0.0,0.0,5.61,23.0,1562969202325
0.0,0.0,5.64,23.0,1562969202325
0.0,0.0,5.64,23.0,1562969202407
0.0,0.0,5.64,23.0,1562969202508
0.0,0.0,5.64,23.0,1562969202633
0.0,0.0,5.64,23.0,1562969202711
0.0,0.0,5.64,23.0,1562969202812
0.0,0.0,5.66,23.0,1562969203321
0.0,0.0,5.66,23.0,1562969203420
35.16383361816406,139.61383056640625,5.66,23.0,1562969203421
0.0,0.0,5.66,23.0,1562969203522
0.0,0.0,5.69,23.0,1562969203623
0.0,0.0,5.69,23.0,1562969203724
0.0,0.0,5.69,23.0,1562969203861
0.0,0.0,5.69,23.0,1562969203927
0.0,0.0,5.69,23.0,1562969204029
0.0,0.0,5.72,23.0,1562969204169
0.0,0.0,5.72,23.0,1562969204233
0.0,0.0,5.72,23.0,1562969204333
0.0,0.0,5.72,23.0,1562969204434
0.0,0.0,5.74,23.0,1562969204535
0.0,0.0,5.74,23.0,1562969204636
0.0,0.0,5.74,23.0,1562969204738
0.0,0.0,5.74,23.0,1562969204885
0.0,0.0,5.74,23.0,1562969204940
0.0,0.0,5.74,23.0,1562969205042
0.0,0.0,5.74,23.0,1562969205193
0.0,0.0,5.72,23.0,1562969205247
0.0,0.0,5.72,23.0,1562969205346
0.0,0.0,5.72,23.0,1562969205500
0.0,0.0,5.72,23.0,1562969205548
0.0,0.0,5.72,23.0,1562969205650
0.0,0.0,5.72,23.0,1562969205807
35.16384506225586,139.61380004882812,5.72,23.0,1562969205808
0.0,0.0,5.72,23.0,1562969205853
0.0,0.0,5.72,23.0,1562969205954
0.0,0.0,5.72,23.0,1562969206217
0.0,0.0,5.72,23.0,1562969206217
0.0,0.0,5.72,23.0,1562969206260
0.0,0.0,5.72,23.0,1562969206359
0.0,0.0,5.74,23.0,1562969206461
0.0,0.0,5.74,23.0,1562969206562
0.0,0.0,5.74,23.0,1562969206663
0.0,0.0,5.74,23.0,1562969206765
0.0,0.0,5.74,23.0,1562969206933
0.0,0.0,5.74,23.0,1562969206968
0.0,0.0,5.74,23.0,1562969207069
0.0,0.0,5.74,23.0,1562969207240
0.0,0.0,5.74,23.0,1562969207276
0.0,0.0,5.74,23.0,1562969207373
0.0,0.0,5.74,23.0,1562969207548
0.0,0.0,5.74,23.0,1562969207576
0.0,0.0,5.74,23.0,1562969207677
0.0,0.0,5.77,23.0,1562969208367
0.0,0.0,5.77,23.0,1562969208368
0.0,0.0,5.77,23.0,1562969208368
0.0,0.0,5.77,23.0,1562969208368
0.0,0.0,5.77,23.0,1562969208373
0.0,0.0,5.8,23.0,1562969208374
35.163856506347656,139.61376953125,5.8,23.0,1562969208376
0.0,0.0,5.8,23.0,1562969208388
0.0,0.0,5.8,23.0,1562969208488
0.0,0.0,5.8,23.0,1562969208589
0.0,0.0,5.83,23.0,1562969208691
0.0,0.0,5.83,23.0,1562969208879
0.0,0.0,5.83,23.0,1562969208893
0.0,0.0,5.83,23.0,1562969208995
0.0,0.0,5.85,23.0,1562969209186
0.0,0.0,5.85,23.0,1562969209198
0.0,0.0,5.85,23.0,1562969209301
0.0,0.0,5.85,23.0,1562969209404
0.0,0.0,5.85,23.0,1562969209502
0.0,0.0,5.85,23.0,1562969209671
0.0,0.0,5.85,23.0,1562969209704
0.0,0.0,5.85,23.0,1562969210008
0.0,0.0,5.85,23.0,1562969210234
0.0,0.0,5.85,23.0,1562969210235
0.0,0.0,5.85,23.0,1562969210314
0.0,0.0,5.85,23.0,1562969210539
0.0,0.0,5.88,23.0,1562969210540
0.0,0.0,5.88,23.0,1562969210616
0.0,0.0,5.88,23.0,1562969210844
0.0,0.0,5.88,23.0,1562969210845
35.16387939453125,139.61370849609375,5.88,23.0,1562969210846
0.0,0.0,5.88,23.0,1562969210920
0.0,0.0,5.88,23.0,1562969211144
0.0,0.0,5.88,23.0,1562969211144
0.0,0.0,5.91,23.0,1562969211224
0.0,0.0,5.91,23.0,1562969211446
0.0,0.0,5.91,23.0,1562969211447
0.0,0.0,5.88,23.0,1562969211528
0.0,0.0,5.88,23.0,1562969211752
0.0,0.0,5.88,23.0,1562969211753
0.0,0.0,5.91,23.0,1562969211832
0.0,0.0,5.91,23.0,1562969212055
0.0,0.0,5.91,23.0,1562969212055
0.0,0.0,5.91,23.0,1562969212137
0.0,0.0,5.91,23.0,1562969212364
0.0,0.0,5.91,23.0,1562969212368
0.0,0.0,5.91,23.0,1562969212440
0.0,0.0,5.91,23.0,1562969212667
0.0,0.0,5.91,23.0,1562969212667
0.0,0.0,5.91,23.0,1562969212745
35.16389083862305,139.6136932373047,5.91,23.0,1562969213309
0.0,0.0,5.91,23.0,1562969213385
0.0,0.0,5.91,23.0,1562969213385
0.0,0.0,5.91,23.0,1562969213386
0.0,0.0,5.94,23.0,1562969213386
0.0,0.0,5.94,23.0,1562969213386
0.0,0.0,5.94,23.0,1562969213386
0.0,0.0,5.94,23.0,1562969213454
0.0,0.0,5.94,23.0,1562969213556
0.0,0.0,5.94,23.0,1562969213657
0.0,0.0,5.96,23.0,1562969213758
0.0,0.0,5.96,23.0,1562969213897
0.0,0.0,5.96,23.0,1562969213961
0.0,0.0,5.96,23.0,1562969214062
0.0,0.0,5.96,23.0,1562969214204
0.0,0.0,5.96,23.0,1562969214268
0.0,0.0,5.96,23.0,1562969214368
0.0,0.0,5.96,23.0,1562969214468
0.0,0.0,5.99,23.0,1562969214569
0.0,0.0,5.99,23.0,1562969214671
0.0,0.0,5.99,23.0,1562969214772
0.0,0.0,5.99,23.0,1562969214920
0.0,0.0,5.99,23.0,1562969214975
0.0,0.0,6.02,23.0,1562969215228
0.0,0.0,6.02,23.0,1562969215279
0.0,0.0,6.02,23.0,1562969215382
0.0,0.0,6.02,23.0,1562969215535
0.0,0.0,6.02,23.0,1562969215583
0.0,0.0,6.05,23.0,1562969215684
35.163902282714844,139.61366271972656,6.05,23.0,1562969215685
0.0,0.0,6.05,23.0,1562969215842
0.0,0.0,6.05,23.0,1562969215887
0.0,0.0,6.07,23.0,1562969215988
0.0,0.0,6.07,23.0,1562969216149
0.0,0.0,6.07,23.0,1562969216191
0.0,0.0,6.07,23.0,1562969216293
0.0,0.0,6.07,23.0,1562969216456
0.0,0.0,6.1,23.0,1562969216495
0.0,0.0,6.1,23.0,1562969216596
0.0,0.0,6.1,23.0,1562969216701
0.0,0.0,6.1,23.0,1562969216799
0.0,0.0,6.13,23.0,1562969216969
0.0,0.0,6.13,23.0,1562969217002
0.0,0.0,6.13,23.0,1562969217103
0.0,0.0,6.13,23.0,1562969217276
0.0,0.0,6.13,23.0,1562969217306
0.0,0.0,6.13,23.0,1562969217409
0.0,0.0,6.16,23.0,1562969217583
0.0,0.0,6.16,23.0,1562969217612
0.0,0.0,6.16,23.0,1562969217711
0.0,0.0,6.16,23.0,1562969218403
0.0,0.0,6.16,23.0,1562969218404
0.0,0.0,6.16,23.0,1562969218404
0.0,0.0,6.16,23.0,1562969218405
0.0,0.0,6.16,23.0,1562969218412
0.0,0.0,6.18,23.0,1562969218413
35.1639289855957,139.61361694335938,6.18,23.0,1562969218415
0.0,0.0,6.18,23.0,1562969218427
0.0,0.0,6.18,23.0,1562969218522
0.0,0.0,6.18,23.0,1562969218623
0.0,0.0,6.18,23.0,1562969218725
0.0,0.0,6.21,23.0,1562969219017
0.0,0.0,6.18,23.0,1562969219017
0.0,0.0,6.21,23.0,1562969219029
0.0,0.0,6.21,23.0,1562969219130
0.0,0.0,6.21,23.0,1562969219324
0.0,0.0,6.21,23.0,1562969219333
0.0,0.0,6.21,23.0,1562969219436
0.0,0.0,6.21,23.0,1562969219536
0.0,0.0,6.21,23.0,1562969219637
0.0,0.0,6.21,23.0,1562969219836
0.0,0.0,6.21,23.0,1562969219840
0.0,0.0,6.21,23.0,1562969219943
0.0,0.0,6.21,23.0,1562969220143
0.0,0.0,6.21,23.0,1562969220144
0.0,0.0,6.21,23.0,1562969220245
0.0,0.0,6.21,23.0,1562969220450
0.0,0.0,6.21,23.0,1562969220451
0.0,0.0,6.21,23.0,1562969220549
0.0,0.0,6.21,23.0,1562969220652
0.0,0.0,6.24,23.0,1562969220757
0.0,0.0,6.24,23.0,1562969220854
0.0,0.0,6.24,23.0,1562969220955
0.0,0.0,6.24,23.0,1562969221065
0.0,0.0,6.24,23.0,1562969221158
0.0,0.0,6.24,23.0,1562969221260
0.0,0.0,6.24,23.0,1562969221372
0.0,0.0,6.24,23.0,1562969221464
0.0,0.0,6.27,23.0,1562969221563
0.0,0.0,6.27,23.0,1562969221664
0.0,0.0,6.27,23.0,1562969221766
0.0,0.0,6.27,23.0,1562969221884
0.0,0.0,6.27,23.0,1562969221968
0.0,0.0,6.27,23.0,1562969222070
0.0,0.0,6.27,23.0,1562969222199
0.0,0.0,6.27,23.0,1562969222273
0.0,0.0,6.27,23.0,1562969222374
0.0,0.0,6.27,23.0,1562969222498
0.0,0.0,6.27,23.0,1562969222577
0.0,0.0,6.29,23.0,1562969222678
0.0,0.0,6.29,23.0,1562969222805
0.0,0.0,6.29,23.0,1562969223419
0.0,0.0,6.29,23.0,1562969223420
0.0,0.0,6.29,23.0,1562969223421
35.16395568847656,139.6135711669922,6.29,23.0,1562969223421
0.0,0.0,6.29,23.0,1562969223422
0.0,0.0,6.32,23.0,1562969223422
0.0,0.0,6.32,23.0,1562969223423
0.0,0.0,6.32,23.0,1562969223492
0.0,0.0,6.32,23.0,1562969223590
0.0,0.0,6.32,23.0,1562969223692
0.0,0.0,6.35,23.0,1562969223793
0.0,0.0,6.35,23.0,1562969223932
0.0,0.0,6.35,23.0,1562969223996
0.0,0.0,6.35,23.0,1562969224097
0.0,0.0,6.35,23.0,1562969224239
0.0,0.0,6.35,23.0,1562969224300
0.0,0.0,6.37,23.0,1562969224401
0.0,0.0,6.37,23.0,1562969224505
0.0,0.0,6.37,23.0,1562969224604
0.0,0.0,6.37,23.0,1562969224705
0.0,0.0,6.37,23.0,1562969224807
0.0,0.0,6.4,23.0,1562969224956
0.0,0.0,6.4,23.0,1562969225009
0.0,0.0,6.4,23.0,1562969225111
0.0,0.0,6.4,23.0,1562969225263
0.0,0.0,6.4,23.0,1562969225415
0.0,0.0,6.4,23.0,1562969225571
0.0,0.0,6.43,23.0,1562969225618
0.0,0.0,6.43,23.0,1562969225719
0.0,0.0,6.43,23.0,1562969225876
0.0,0.0,6.43,23.0,1562969225922
0.0,0.0,6.43,23.0,1562969226023
0.0,0.0,6.43,23.0,1562969226185
0.0,0.0,6.43,23.0,1562969226226
0.0,0.0,6.43,23.0,1562969226327
0.0,0.0,6.43,23.0,1562969226491
0.0,0.0,6.46,23.0,1562969226532
0.0,0.0,6.46,23.0,1562969226631
0.0,0.0,6.46,23.0,1562969226734
0.0,0.0,6.46,23.0,1562969226834
0.0,0.0,6.46,23.0,1562969227008
35.163978576660156,139.613525390625,6.46,23.0,1562969227009
0.0,0.0,6.46,23.0,1562969227040
0.0,0.0,6.46,23.0,1562969227138
0.0,0.0,6.46,23.0,1562969227311
0.0,0.0,6.46,23.0,1562969227341
0.0,0.0,6.46,23.0,1562969227442
0.0,0.0,6.46,23.0,1562969227618
0.0,0.0,6.46,23.0,1562969227645
0.0,0.0,6.46,23.0,1562969227746
0.0,0.0,6.46,23.0,1562969227951
0.0,0.0,6.46,23.0,1562969228050
0.0,0.0,6.46,23.0,1562969228232
0.0,0.0,6.46,23.0,1562969228873
0.0,0.0,6.46,23.0,1562969228963
0.0,0.0,6.46,23.0,1562969229064
0.0,0.0,6.46,23.0,1562969229269
0.0,0.0,6.46,23.0,1562969229368
0.0,0.0,6.48,23.0,1562969229479
0.0,0.0,6.48,23.0,1562969229680
0.0,0.0,6.48,23.0,1562969229680
0.0,0.0,6.48,23.0,1562969229774
0.0,0.0,6.48,23.0,1562969229950
0.0,0.0,6.48,23.0,1562969229977
0.0,0.0,6.48,23.0,1562969230241
0.0,0.0,6.48,23.0,1562969230241
0.0,0.0,6.48,23.0,1562969230280
0.0,0.0,6.48,23.0,1562969230542
0.0,0.0,6.48,23.0,1562969230543
35.16400146484375,139.61346435546875,6.48,23.0,1562969230551
0.0,0.0,6.48,23.0,1562969230587
0.0,0.0,6.51,23.0,1562969230838
0.0,0.0,6.54,23.0,1562969230839
0.0,0.0,6.54,23.0,1562969230889
0.0,0.0,6.54,23.0,1562969231133
0.0,0.0,6.54,23.0,1562969231134
0.0,0.0,6.54,23.0,1562969231193
0.0,0.0,6.57,23.0,1562969231440
0.0,0.0,6.57,23.0,1562969231441
0.0,0.0,6.57,23.0,1562969231497
0.0,0.0,6.57,23.0,1562969231744
0.0,0.0,6.59,23.0,1562969231745
0.0,0.0,6.59,23.0,1562969231801
0.0,0.0,6.62,23.0,1562969232051
0.0,0.0,6.62,23.0,1562969232065
0.0,0.0,6.62,23.0,1562969232106
0.0,0.0,6.62,23.0,1562969232356
0.0,0.0,6.65,23.0,1562969232356
0.0,0.0,6.65,23.0,1562969232410
0.0,0.0,6.68,23.0,1562969232661
0.0,0.0,6.68,23.0,1562969232662
0.0,0.0,6.68,23.0,1562969232714
0.0,0.0,6.68,23.0,1562969232815
0.0,0.0,6.68,23.0,1562969232916
0.0,0.0,6.68,23.0,1562969233018
0.0,0.0,6.7,23.0,1562969233119
0.0,0.0,6.7,23.0,1562969233250
0.0,0.0,6.7,23.0,1562969233755
0.0,0.0,6.7,23.0,1562969233755
0.0,0.0,6.7,23.0,1562969233756
0.0,0.0,6.73,23.0,1562969233757
0.0,0.0,6.73,23.0,1562969233757
0.0,0.0,6.76,23.0,1562969233830
0.0,0.0,6.76,23.0,1562969233930
0.0,0.0,6.73,23.0,1562969234032
0.0,0.0,6.76,23.0,1562969234133
0.0,0.0,6.76,23.0,1562969234371
0.0,0.0,6.76,23.0,1562969234538
0.0,0.0,6.79,23.0,1562969234544
0.0,0.0,6.79,23.0,1562969234642
0.0,0.0,6.81,23.0,1562969234820
0.0,0.0,6.81,23.0,1562969234843
0.0,0.0,6.81,23.0,1562969235121
35.164024353027344,139.61341857910156,6.81,23.0,1562969235124
0.0,0.0,6.81,23.0,1562969235136
0.0,0.0,6.81,23.0,1562969235147
0.0,0.0,6.81,23.0,1562969235424
0.0,0.0,6.81,23.0,1562969235425
0.0,0.0,6.84,23.0,1562969235451
0.0,0.0,6.84,23.0,1562969235755
0.0,0.0,6.84,23.0,1562969236015
0.0,0.0,6.87,23.0,1562969236016
0.0,0.0,6.87,23.0,1562969236059
0.0,0.0,6.87,23.0,1562969236324
0.0,0.0,6.89,23.0,1562969236325
0.0,0.0,6.89,23.0,1562969236363
0.0,0.0,6.89,23.0,1562969236628
0.0,0.0,6.92,23.0,1562969236629
0.0,0.0,6.92,23.0,1562969236670
0.0,0.0,6.95,23.0,1562969236936
0.0,0.0,6.95,23.0,1562969236936
0.0,0.0,6.95,23.0,1562969236972
0.0,0.0,6.95,23.0,1562969237242
0.0,0.0,6.95,23.0,1562969237242
0.0,0.0,6.98,23.0,1562969237279
0.0,0.0,6.98,23.0,1562969237549
35.16403579711914,139.61338806152344,6.98,23.0,1562969237549
0.0,0.0,6.98,23.0,1562969237550
0.0,0.0,6.98,23.0,1562969237580
0.0,0.0,7.0,23.0,1562969237683
0.0,0.0,7.0,23.0,1562969237783
0.0,0.0,7.0,23.0,1562969237961
0.0,0.0,7.0,23.0,1562969237986
0.0,0.0,7.0,23.0,1562969238087
0.0,0.0,7.0,23.0,1562969238188
0.0,0.0,7.0,23.0,1562969238780
0.0,0.0,7.0,23.0,1562969238781
0.0,0.0,7.03,23.0,1562969238781
0.0,0.0,7.03,23.0,1562969238781
0.0,0.0,7.03,23.0,1562969238781
0.0,0.0,7.03,23.0,1562969238796
0.0,0.0,7.03,23.0,1562969238898
0.0,0.0,7.06,23.0,1562969238999
0.0,0.0,7.06,23.0,1562969239100
0.0,0.0,7.06,23.0,1562969239299
0.0,0.0,7.06,23.0,1562969239308
0.0,0.0,7.06,23.0,1562969239408
0.0,0.0,7.06,23.0,1562969239599
0.0,0.0,7.06,23.0,1562969239608
0.0,0.0,7.06,23.0,1562969239711
0.0,0.0,7.06,23.0,1562969239905
0.0,0.0,7.06,23.0,1562969239911
0.0,0.0,7.06,23.0,1562969240013
35.16404342651367,139.6133575439453,7.06,23.0,1562969240013
0.0,0.0,7.06,23.0,1562969240114
0.0,0.0,7.09,23.0,1562969240217
0.0,0.0,7.09,23.0,1562969240418
0.0,0.0,7.09,23.0,1562969240419
0.0,0.0,7.09,23.0,1562969240520
0.0,0.0,7.09,23.0,1562969240725
0.0,0.0,7.09,23.0,1562969240726
0.0,0.0,7.09,23.0,1562969240824
0.0,0.0,7.09,23.0,1562969240928
0.0,0.0,7.09,23.0,1562969241027
0.0,0.0,7.09,23.0,1562969241128
0.0,0.0,7.11,23.0,1562969241231
0.0,0.0,7.11,23.0,1562969241331
0.0,0.0,7.11,23.0,1562969241442
0.0,0.0,7.11,23.0,1562969241534
0.0,0.0,7.11,23.0,1562969241635
0.0,0.0,7.11,23.0,1562969241750
0.0,0.0,7.11,23.0,1562969241838
0.0,0.0,7.11,23.0,1562969241943
0.0,0.0,7.11,23.0,1562969242055
0.0,0.0,7.11,23.0,1562969242142
0.0,0.0,7.11,23.0,1562969242243
0.0,0.0,7.11,23.0,1562969242364
35.16405487060547,139.61331176757812,7.11,23.0,1562969242364
0.0,0.0,7.11,23.0,1562969242446
0.0,0.0,7.11,23.0,1562969242547
0.0,0.0,7.11,23.0,1562969242671
0.0,0.0,7.11,23.0,1562969242752
0.0,0.0,7.11,23.0,1562969242852
0.0,0.0,7.11,23.0,1562969242975
0.0,0.0,7.11,23.0,1562969243054
0.0,0.0,7.11,23.0,1562969243156
0.0,0.0,7.11,23.0,1562969243257
