0.0,0.0,3.434,31.2,1722030954406
0.0,0.0,3.434,31.2,1722030954420
0.0,0.0,3.434,31.2,1722030954430
0.0,0.0,3.423,31.2,1722030954835
0.0,0.0,3.423,31.2,1722030954842
0.0,0.0,3.434,31.2,1722030954844
0.0,0.0,3.423,31.2,1722030954849
0.0,0.0,3.434,31.2,1722030954855
0.0,0.0,3.434,31.2,1722030954863
0.0,0.0,3.434,31.2,1722030954866
0.0,0.0,3.434,31.2,1722030954871
0.0,0.0,3.434,31.2,1722030954873
0.0,0.0,3.444,31.2,1722030954946
0.0,0.0,3.444,31.2,1722030954949
0.0,0.0,3.444,31.2,1722030954953
0.0,0.0,3.444,31.2,1722030955004
0.0,0.0,3.444,31.2,1722030955007
0.0,0.0,3.444,31.2,1722030955010
0.0,0.0,3.455,31.2,1722030955071
0.0,0.0,3.455,31.2,1722030955074
0.0,0.0,3.455,31.2,1722030955092
0.0,0.0,3.465,31.2,1722030955157
0.0,0.0,3.465,31.2,1722030955163
0.0,0.0,3.465,31.2,1722030955167
0.0,0.0,3.465,31.2,1722030955209
0.0,0.0,3.465,31.2,1722030955211
0.0,0.0,3.465,31.2,1722030955216
0.0,0.0,3.475,31.2,1722030955292
0.0,0.0,3.475,31.2,1722030955296
0.0,0.0,3.475,31.2,1722030955298
0.0,0.0,3.475,31.2,1722030955362
0.0,0.0,3.475,31.2,1722030955365
0.0,0.0,3.475,31.2,1722030955367
0.0,0.0,3.486,31.2,1722030955422
0.0,0.0,3.486,31.2,1722030955426
0.0,0.0,3.486,31.2,1722030955429
0.0,0.0,3.486,31.2,1722030955501
0.0,0.0,3.486,31.2,1722030955503
0.0,0.0,3.486,31.2,1722030955505
0.0,0.0,3.496,31.2,1722030955572
0.0,0.0,3.496,31.2,1722030955576
0.0,0.0,3.496,31.2,1722030955579
0.0,0.0,3.496,31.2,1722030955641
0.0,0.0,3.496,31.2,1722030955646
0.0,0.0,3.496,31.2,1722030955651
0.0,0.0,3.496,31.2,1722030955716
0.0,0.0,3.496,31.2,1722030955720
0.0,0.0,3.496,31.2,1722030955725
0.0,0.0,3.496,31.2,1722030955775
0.0,0.0,3.496,31.2,1722030955780
0.0,0.0,3.496,31.2,1722030955784
0.0,0.0,3.486,31.2,1722030955845
0.0,0.0,3.486,31.2,1722030955849
0.0,0.0,3.486,31.2,1722030955856
0.0,0.0,3.496,31.2,1722030955926
0.0,0.0,3.496,31.2,1722030955930
0.0,0.0,3.496,31.2,1722030955932
0.0,0.0,3.496,31.2,1722030955981
0.0,0.0,3.496,31.2,1722030955994
0.0,0.0,3.496,31.2,1722030955997
0.0,0.0,3.486,31.2,1722030956053
0.0,0.0,3.486,31.2,1722030956061
0.0,0.0,3.486,31.2,1722030956065
0.0,0.0,3.475,31.2,1722030956121
0.0,0.0,3.475,31.2,1722030956124
0.0,0.0,3.475,31.2,1722030956128
0.0,0.0,3.475,31.2,1722030956197
0.0,0.0,3.475,31.2,1722030956200
0.0,0.0,3.475,31.2,1722030956204
0.0,0.0,3.465,31.2,1722030956287
0.0,0.0,3.465,31.2,1722030956291
0.0,0.0,3.465,31.2,1722030956294
0.0,0.0,3.455,31.2,1722030956412
0.0,0.0,3.455,31.2,1722030956419
0.0,0.0,3.455,31.2,1722030956424
0.0,0.0,3.455,31.2,1722030956471
0.0,0.0,3.455,31.2,1722030956475
0.0,0.0,3.455,31.2,1722030956481
0.0,0.0,3.444,31.2,1722030956547
0.0,0.0,3.444,31.2,1722030956551
0.0,0.0,3.444,31.2,1722030956554
0.0,0.0,3.444,31.2,1722030956619
0.0,0.0,3.444,31.2,1722030956627
0.0,0.0,3.444,31.2,1722030956632
0.0,0.0,3.444,31.0,1722030956682
0.0,0.0,3.444,31.0,1722030956686
0.0,0.0,3.444,31.0,1722030956688
0.0,0.0,3.444,31.0,1722030956756
0.0,0.0,3.444,31.0,1722030956760
0.0,0.0,3.444,31.0,1722030956764
0.0,0.0,3.455,31.0,1722030956820
0.0,0.0,3.455,31.0,1722030956822
0.0,0.0,3.455,31.0,1722030956828
0.0,0.0,3.455,31.0,1722030956890
0.0,0.0,3.455,31.0,1722030956893
0.0,0.0,3.455,31.0,1722030956897
0.0,0.0,3.455,31.0,1722030956965
0.0,0.0,3.455,31.0,1722030956971
0.0,0.0,3.455,31.0,1722030956974
0.0,0.0,3.455,31.0,1722030957047
0.0,0.0,3.455,31.0,1722030957051
0.0,0.0,3.455,31.0,1722030957053
0.0,0.0,3.465,31.0,1722030957112
0.0,0.0,3.465,31.0,1722030957116
0.0,0.0,3.465,31.0,1722030957120
0.0,0.0,3.475,31.0,1722030957176
0.0,0.0,3.475,31.0,1722030957179
0.0,0.0,3.475,31.0,1722030957183
0.0,0.0,3.486,31.0,1722030957246
0.0,0.0,3.486,31.0,1722030957251
0.0,0.0,3.486,31.0,1722030957257
0.0,0.0,3.486,31.0,1722030957312
0.0,0.0,3.486,31.0,1722030957315
0.0,0.0,3.486,31.0,1722030957318
0.0,0.0,3.507,31.0,1722030957383
0.0,0.0,3.507,31.0,1722030957387
0.0,0.0,3.507,31.0,1722030957391
0.0,0.0,3.517,31.0,1722030957456
0.0,0.0,3.517,31.0,1722030957460
0.0,0.0,3.517,31.0,1722030957462
0.0,0.0,3.517,31.0,1722030957523
0.0,0.0,3.517,31.0,1722030957528
0.0,0.0,3.517,31.0,1722030957531
0.0,0.0,3.527,31.0,1722030957599
0.0,0.0,3.527,31.0,1722030957603
0.0,0.0,3.527,31.0,1722030957607
0.0,0.0,3.517,31.0,1722030957666
0.0,0.0,3.517,31.0,1722030957671
0.0,0.0,3.517,31.0,1722030957676
0.0,0.0,3.517,31.0,1722030957766
0.0,0.0,3.517,31.0,1722030957772
0.0,0.0,3.517,31.0,1722030957776
0.0,0.0,3.538,31.0,1722030957799
0.0,0.0,3.538,31.0,1722030957802
0.0,0.0,3.538,31.0,1722030957808
0.0,0.0,3.538,31.0,1722030957881
0.0,0.0,3.538,31.0,1722030957887
0.0,0.0,3.538,31.0,1722030957890
0.0,0.0,3.527,31.0,1722030957949
0.0,0.0,3.527,31.0,1722030957953
0.0,0.0,3.527,31.0,1722030957962
0.0,0.0,3.527,31.0,1722030958011
0.0,0.0,3.527,31.0,1722030958014
0.0,0.0,3.527,31.0,1722030958019
0.0,0.0,3.527,31.0,1722030958082
0.0,0.0,3.527,31.0,1722030958086
0.0,0.0,3.527,31.0,1722030958094
0.0,0.0,3.517,31.0,1722030958158
0.0,0.0,3.517,31.0,1722030958161
0.0,0.0,3.517,31.0,1722030958162
0.0,0.0,3.527,31.0,1722030958226
0.0,0.0,3.527,31.0,1722030958231
0.0,0.0,3.527,31.0,1722030958233
0.0,0.0,3.517,31.0,1722030958295
0.0,0.0,3.517,31.0,1722030958298
0.0,0.0,3.517,31.0,1722030958302
0.0,0.0,3.507,31.0,1722030958362
0.0,0.0,3.507,31.0,1722030958365
0.0,0.0,3.507,31.0,1722030958369
0.0,0.0,3.517,31.0,1722030958467
0.0,0.0,3.517,31.0,1722030958476
0.0,0.0,3.517,31.0,1722030958481
0.0,0.0,3.527,31.0,1722030958503
0.0,0.0,3.527,31.0,1722030958508
0.0,0.0,3.527,31.0,1722030958520
0.0,0.0,3.527,31.0,1722030958574
0.0,0.0,3.527,31.0,1722030958577
0.0,0.0,3.527,31.0,1722030958581
0.0,0.0,3.527,31.0,1722030958647
0.0,0.0,3.527,31.0,1722030958650
0.0,0.0,3.527,31.0,1722030958653
0.0,0.0,3.527,31.0,1722030958714
0.0,0.0,3.527,31.0,1722030958728
0.0,0.0,3.527,31.0,1722030958731
0.0,0.0,3.527,31.0,1722030958786
0.0,0.0,3.527,31.0,1722030958802
0.0,0.0,3.527,31.0,1722030958804
0.0,0.0,3.538,31.0,1722030958860
0.0,0.0,3.538,31.0,1722030958864
0.0,0.0,3.538,31.0,1722030958868
0.0,0.0,3.538,31.0,1722030958926
0.0,0.0,3.538,31.0,1722030958931
0.0,0.0,3.538,31.0,1722030958936
0.0,0.0,3.548,31.0,1722030959002
0.0,0.0,3.548,31.0,1722030959007
0.0,0.0,3.548,31.0,1722030959013
0.0,0.0,3.538,31.0,1722030959065
0.0,0.0,3.538,31.0,1722030959069
0.0,0.0,3.538,31.0,1722030959072
0.0,0.0,3.548,31.0,1722030959134
0.0,0.0,3.548,31.0,1722030959138
0.0,0.0,3.548,31.0,1722030959141
0.0,0.0,3.569,31.0,1722030959206
0.0,0.0,3.569,31.0,1722030959207
0.0,0.0,3.569,31.0,1722030959217
0.0,0.0,3.58,31.0,1722030959279
0.0,0.0,3.58,31.0,1722030959284
0.0,0.0,3.58,31.0,1722030959292
0.0,0.0,3.6,31.0,1722030959341
0.0,0.0,3.6,31.0,1722030959345
0.0,0.0,3.6,31.0,1722030959353
0.0,0.0,3.621,31.0,1722030959412
0.0,0.0,3.621,31.0,1722030959415
0.0,0.0,3.621,31.0,1722030959417
0.0,0.0,3.632,31.0,1722030959480
0.0,0.0,3.632,31.0,1722030959483
0.0,0.0,3.632,31.0,1722030959487
0.0,0.0,3.642,31.0,1722030959555
0.0,0.0,3.642,31.0,1722030959558
0.0,0.0,3.642,31.0,1722030959559
0.0,0.0,3.652,31.0,1722030959628
0.0,0.0,3.652,31.0,1722030959630
0.0,0.0,3.652,31.0,1722030959633
0.0,0.0,3.642,30.8,1722030959693
0.0,0.0,3.642,30.8,1722030959697
0.0,0.0,3.642,30.8,1722030959712
0.0,0.0,3.632,30.8,1722030959761
35.16221618652344,139.61553955078125,3.632,30.8,1722030959761
0.0,0.0,3.632,30.8,1722030959767
0.0,0.0,3.632,30.8,1722030959770
0.0,0.0,3.621,30.8,1722030959836
0.0,0.0,3.621,30.8,1722030959839
0.0,0.0,3.621,30.8,1722030959841
0.0,0.0,3.611,30.8,1722030959906
0.0,0.0,3.611,30.8,1722030959909
0.0,0.0,3.611,30.8,1722030959917
0.0,0.0,3.58,30.8,1722030959973
0.0,0.0,3.58,30.8,1722030959975
0.0,0.0,3.58,30.8,1722030959978
0.0,0.0,3.559,30.8,1722030960046
0.0,0.0,3.559,30.8,1722030960050
0.0,0.0,3.559,30.8,1722030960054
0.0,0.0,3.527,30.8,1722030960110
0.0,0.0,3.527,30.8,1722030960112
0.0,0.0,3.527,30.8,1722030960115
0.0,0.0,3.507,30.8,1722030960185
0.0,0.0,3.507,30.8,1722030960188
0.0,0.0,3.507,30.8,1722030960190
0.0,0.0,3.486,30.8,1722030960253
0.0,0.0,3.486,30.8,1722030960258
0.0,0.0,3.486,30.8,1722030960262
0.0,0.0,3.455,30.8,1722030960321
0.0,0.0,3.455,30.8,1722030960324
0.0,0.0,3.455,30.8,1722030960327
0.0,0.0,3.434,30.8,1722030960391
0.0,0.0,3.434,30.8,1722030960393
0.0,0.0,3.434,30.8,1722030960397
0.0,0.0,3.403,30.8,1722030960464
0.0,0.0,3.403,30.8,1722030960467
0.0,0.0,3.403,30.8,1722030960470
0.0,0.0,3.403,30.8,1722030960534
0.0,0.0,3.403,30.8,1722030960538
0.0,0.0,3.403,30.8,1722030960543
0.0,0.0,3.392,30.8,1722030960599
0.0,0.0,3.392,30.8,1722030960604
0.0,0.0,3.392,30.8,1722030960607
0.0,0.0,3.382,30.8,1722030960672
0.0,0.0,3.382,30.8,1722030960677
0.0,0.0,3.382,30.8,1722030960678
0.0,0.0,3.382,30.8,1722030960793
35.162227630615234,139.61553955078125,3.382,30.8,1722030960793
0.0,0.0,3.382,30.8,1722030960802
0.0,0.0,3.382,30.8,1722030960834
0.0,0.0,3.392,30.8,1722030960841
0.0,0.0,3.392,30.8,1722030960853
0.0,0.0,3.392,30.8,1722030960859
0.0,0.0,3.423,30.8,1722030960887
0.0,0.0,3.423,30.8,1722030960899
0.0,0.0,3.423,30.8,1722030960906
0.0,0.0,3.444,30.8,1722030960965
0.0,0.0,3.444,30.8,1722030961001
0.0,0.0,3.444,30.8,1722030961062
0.0,0.0,3.455,30.8,1722030961086
0.0,0.0,3.455,30.8,1722030961111
0.0,0.0,3.455,30.8,1722030961114
0.0,0.0,3.465,30.8,1722030961118
0.0,0.0,3.465,30.8,1722030961121
0.0,0.0,3.465,30.8,1722030961123
0.0,0.0,3.475,30.8,1722030961170
0.0,0.0,3.475,30.8,1722030961174
0.0,0.0,3.475,30.8,1722030961178
0.0,0.0,3.486,30.8,1722030961233
0.0,0.0,3.486,30.8,1722030961236
0.0,0.0,3.486,30.8,1722030961242
0.0,0.0,3.496,30.8,1722030961330
0.0,0.0,3.496,30.8,1722030961332
0.0,0.0,3.496,30.8,1722030961336
0.0,0.0,3.517,30.8,1722030961372
0.0,0.0,3.517,30.8,1722030961374
0.0,0.0,3.517,30.8,1722030961379
0.0,0.0,3.538,30.8,1722030961443
0.0,0.0,3.538,30.8,1722030961446
0.0,0.0,3.538,30.8,1722030961450
0.0,0.0,3.548,30.8,1722030961512
0.0,0.0,3.548,30.8,1722030961515
0.0,0.0,3.548,30.8,1722030961517
0.0,0.0,3.548,30.8,1722030961582
0.0,0.0,3.548,30.8,1722030961586
0.0,0.0,3.548,30.8,1722030961589
0.0,0.0,3.548,30.8,1722030961653
0.0,0.0,3.548,30.8,1722030961656
0.0,0.0,3.548,30.8,1722030961658
0.0,0.0,3.538,30.8,1722030961720
0.0,0.0,3.538,30.8,1722030961723
0.0,0.0,3.538,30.8,1722030961729
35.16223907470703,139.61553955078125,3.538,30.8,1722030961729
0.0,0.0,3.527,30.8,1722030961793
0.0,0.0,3.527,30.8,1722030961798
0.0,0.0,3.527,30.8,1722030961801
0.0,0.0,3.538,30.8,1722030961867
0.0,0.0,3.538,30.8,1722030961869
0.0,0.0,3.538,30.8,1722030961871
0.0,0.0,3.538,30.8,1722030961935
0.0,0.0,3.538,30.8,1722030961937
0.0,0.0,3.538,30.8,1722030961940
0.0,0.0,3.538,30.8,1722030962013
0.0,0.0,3.538,30.8,1722030962017
0.0,0.0,3.538,30.8,1722030962019
0.0,0.0,3.569,30.8,1722030962139
0.0,0.0,3.569,30.8,1722030962142
0.0,0.0,3.569,30.8,1722030962146
0.0,0.0,3.569,30.8,1722030962215
0.0,0.0,3.569,30.8,1722030962218
0.0,0.0,3.569,30.8,1722030962222
0.0,0.0,3.58,30.8,1722030962278
0.0,0.0,3.58,30.8,1722030962283
0.0,0.0,3.58,30.8,1722030962286
0.0,0.0,3.59,30.8,1722030962351
0.0,0.0,3.59,30.8,1722030962353
0.0,0.0,3.59,30.8,1722030962357
0.0,0.0,3.59,30.8,1722030962426
0.0,0.0,3.59,30.8,1722030962430
0.0,0.0,3.59,30.8,1722030962434
0.0,0.0,3.611,30.8,1722030962500
0.0,0.0,3.611,30.8,1722030962514
0.0,0.0,3.611,30.8,1722030962518
0.0,0.0,3.611,30.8,1722030962563
0.0,0.0,3.611,30.8,1722030962567
0.0,0.0,3.611,30.8,1722030962571
0.0,0.0,3.632,30.8,1722030962644
0.0,0.0,3.632,30.8,1722030962650
0.0,0.0,3.632,30.8,1722030962652
0.0,0.0,3.642,30.6,1722030962702
0.0,0.0,3.642,30.6,1722030962705
0.0,0.0,3.642,30.6,1722030962708
0.0,0.0,3.663,30.6,1722030962790
35.162254333496094,139.61553955078125,3.663,30.6,1722030962790
0.0,0.0,3.663,30.6,1722030962794
0.0,0.0,3.663,30.6,1722030962798
0.0,0.0,3.684,30.6,1722030962907
0.0,0.0,3.684,30.6,1722030962910
0.0,0.0,3.684,30.6,1722030962912
0.0,0.0,3.684,30.6,1722030962915
0.0,0.0,3.684,30.6,1722030962917
0.0,0.0,3.684,30.6,1722030962923
0.0,0.0,3.684,30.6,1722030962981
0.0,0.0,3.684,30.6,1722030962983
0.0,0.0,3.684,30.6,1722030962988
0.0,0.0,3.694,30.6,1722030963050
0.0,0.0,3.694,30.6,1722030963053
0.0,0.0,3.694,30.6,1722030963056
0.0,0.0,3.694,30.6,1722030963122
0.0,0.0,3.694,30.6,1722030963127
0.0,0.0,3.694,30.6,1722030963129
0.0,0.0,3.684,30.6,1722030963204
0.0,0.0,3.684,30.6,1722030963207
0.0,0.0,3.684,30.6,1722030963208
0.0,0.0,3.684,30.6,1722030963263
0.0,0.0,3.684,30.6,1722030963266
0.0,0.0,3.684,30.6,1722030963269
0.0,0.0,3.663,30.6,1722030963346
0.0,0.0,3.663,30.6,1722030963348
0.0,0.0,3.663,30.6,1722030963351
0.0,0.0,3.652,30.6,1722030963405
0.0,0.0,3.652,30.6,1722030963419
0.0,0.0,3.652,30.6,1722030963422
0.0,0.0,3.632,30.6,1722030963471
0.0,0.0,3.632,30.6,1722030963473
0.0,0.0,3.632,30.6,1722030963475
0.0,0.0,3.621,30.6,1722030963558
0.0,0.0,3.621,30.6,1722030963562
0.0,0.0,3.621,30.6,1722030963568
0.0,0.0,3.621,30.6,1722030963614
0.0,0.0,3.621,30.6,1722030963616
0.0,0.0,3.621,30.6,1722030963619
0.0,0.0,3.621,30.6,1722030963683
0.0,0.0,3.621,30.6,1722030963687
0.0,0.0,3.621,30.6,1722030963690
0.0,0.0,3.632,30.6,1722030963758
0.0,0.0,3.632,30.6,1722030963769
0.0,0.0,3.632,30.6,1722030963772
35.16226577758789,139.61553955078125,3.632,30.6,1722030963772
0.0,0.0,3.632,30.6,1722030963823
0.0,0.0,3.632,30.6,1722030963826
0.0,0.0,3.632,30.6,1722030963829
0.0,0.0,3.663,30.6,1722030963893
0.0,0.0,3.663,30.6,1722030963897
0.0,0.0,3.663,30.6,1722030963899
0.0,0.0,3.704,30.6,1722030963963
0.0,0.0,3.704,30.6,1722030963966
0.0,0.0,3.704,30.6,1722030963970
0.0,0.0,3.746,30.6,1722030964033
0.0,0.0,3.746,30.6,1722030964034
0.0,0.0,3.746,30.6,1722030964036
0.0,0.0,3.767,30.6,1722030964104
0.0,0.0,3.767,30.6,1722030964107
0.0,0.0,3.767,30.6,1722030964111
0.0,0.0,3.819,30.6,1722030964173
0.0,0.0,3.819,30.6,1722030964176
0.0,0.0,3.819,30.6,1722030964180
0.0,0.0,3.85,30.6,1722030964272
0.0,0.0,3.85,30.6,1722030964275
0.0,0.0,3.85,30.6,1722030964283
0.0,0.0,3.881,30.6,1722030964384
0.0,0.0,3.881,30.6,1722030964403
0.0,0.0,3.881,30.6,1722030964407
0.0,0.0,3.933,30.6,1722030964460
0.0,0.0,3.933,30.6,1722030964466
0.0,0.0,3.933,30.6,1722030964468
0.0,0.0,3.954,30.6,1722030964529
0.0,0.0,3.954,30.6,1722030964534
0.0,0.0,3.954,30.6,1722030964537
0.0,0.0,3.985,30.6,1722030964594
0.0,0.0,3.985,30.6,1722030964598
0.0,0.0,3.985,30.6,1722030964604
0.0,0.0,4.017,30.6,1722030964663
0.0,0.0,4.017,30.6,1722030964666
0.0,0.0,4.017,30.6,1722030964668
0.0,0.0,4.048,30.6,1722030964738
35.16227722167969,139.61553955078125,4.048,30.6,1722030964738
0.0,0.0,4.048,30.6,1722030964741
0.0,0.0,4.048,30.6,1722030964745
0.0,0.0,4.058,30.6,1722030964806
0.0,0.0,4.058,30.6,1722030964811
0.0,0.0,4.058,30.6,1722030964835
0.0,0.0,4.048,30.6,1722030964876
0.0,0.0,4.048,30.6,1722030964880
0.0,0.0,4.048,30.6,1722030964884
0.0,0.0,4.058,30.6,1722030964946
0.0,0.0,4.058,30.6,1722030964952
0.0,0.0,4.058,30.6,1722030964956
0.0,0.0,4.069,30.6,1722030965012
0.0,0.0,4.069,30.6,1722030965020
0.0,0.0,4.069,30.6,1722030965022
0.0,0.0,4.069,30.6,1722030965085
0.0,0.0,4.069,30.6,1722030965087
0.0,0.0,4.069,30.6,1722030965088
0.0,0.0,4.079,30.6,1722030965155
0.0,0.0,4.079,30.6,1722030965160
0.0,0.0,4.079,30.6,1722030965164
0.0,0.0,4.089,30.6,1722030965226
0.0,0.0,4.089,30.6,1722030965230
0.0,0.0,4.089,30.6,1722030965244
0.0,0.0,4.089,30.6,1722030965294
0.0,0.0,4.089,30.6,1722030965298
0.0,0.0,4.089,30.6,1722030965300
0.0,0.0,4.089,30.6,1722030965370
0.0,0.0,4.089,30.6,1722030965373
0.0,0.0,4.089,30.6,1722030965376
0.0,0.0,4.079,30.6,1722030965443
0.0,0.0,4.079,30.6,1722030965447
0.0,0.0,4.079,30.6,1722030965451
0.0,0.0,4.069,30.6,1722030965504
0.0,0.0,4.069,30.6,1722030965507
0.0,0.0,4.069,30.6,1722030965512
0.0,0.0,4.069,30.6,1722030965572
0.0,0.0,4.069,30.6,1722030965575
0.0,0.0,4.069,30.6,1722030965577
0.0,0.0,4.079,30.6,1722030965647
0.0,0.0,4.079,30.6,1722030965653
0.0,0.0,4.079,30.6,1722030965656
0.0,0.0,4.1,30.4,1722030965717
0.0,0.0,4.1,30.4,1722030965718
0.0,0.0,4.1,30.4,1722030965721
0.0,0.0,4.11,30.4,1722030965799
35.16228485107422,139.61553955078125,4.11,30.4,1722030965799
0.0,0.0,4.11,30.4,1722030965801
0.0,0.0,4.11,30.4,1722030965803
0.0,0.0,4.131,30.4,1722030965856
0.0,0.0,4.131,30.4,1722030965863
0.0,0.0,4.131,30.4,1722030965869
0.0,0.0,4.152,30.4,1722030965923
0.0,0.0,4.152,30.4,1722030965926
0.0,0.0,4.152,30.4,1722030965931
0.0,0.0,4.162,30.4,1722030965994
0.0,0.0,4.162,30.4,1722030965997
0.0,0.0,4.162,30.4,1722030966002
0.0,0.0,4.173,30.4,1722030966062
0.0,0.0,4.173,30.4,1722030966064
0.0,0.0,4.173,30.4,1722030966066
0.0,0.0,4.183,30.4,1722030966130
0.0,0.0,4.183,30.4,1722030966133
0.0,0.0,4.183,30.4,1722030966152
0.0,0.0,4.173,30.4,1722030966205
0.0,0.0,4.173,30.4,1722030966208
0.0,0.0,4.173,30.4,1722030966212
0.0,0.0,4.194,30.4,1722030966272
0.0,0.0,4.194,30.4,1722030966277
0.0,0.0,4.194,30.4,1722030966279
0.0,0.0,4.204,30.4,1722030966360
0.0,0.0,4.204,30.4,1722030966363
0.0,0.0,4.204,30.4,1722030966365
0.0,0.0,4.214,30.4,1722030966416
0.0,0.0,4.214,30.4,1722030966419
0.0,0.0,4.214,30.4,1722030966421
0.0,0.0,4.225,30.4,1722030966488
0.0,0.0,4.225,30.4,1722030966492
0.0,0.0,4.225,30.4,1722030966496
0.0,0.0,4.225,30.4,1722030966570
0.0,0.0,4.225,30.4,1722030966574
0.0,0.0,4.225,30.4,1722030966578
0.0,0.0,4.235,30.4,1722030966640
0.0,0.0,4.235,30.4,1722030966645
0.0,0.0,4.235,30.4,1722030966646
0.0,0.0,4.235,30.4,1722030966697
0.0,0.0,4.235,30.4,1722030966700
0.0,0.0,4.235,30.4,1722030966704
0.0,0.0,4.235,30.4,1722030966766
35.16230010986328,139.61553955078125,4.235,30.4,1722030966766
0.0,0.0,4.235,30.4,1722030966769
0.0,0.0,4.235,30.4,1722030966777
0.0,0.0,4.214,30.4,1722030966835
0.0,0.0,4.214,30.4,1722030966837
0.0,0.0,4.214,30.4,1722030966841
0.0,0.0,4.204,30.4,1722030966902
0.0,0.0,4.204,30.4,1722030966906
0.0,0.0,4.204,30.4,1722030966909
0.0,0.0,4.204,30.4,1722030966976
0.0,0.0,4.204,30.4,1722030966983
0.0,0.0,4.204,30.4,1722030966986
0.0,0.0,4.214,30.4,1722030967048
0.0,0.0,4.214,30.4,1722030967051
0.0,0.0,4.214,30.4,1722030967066
0.0,0.0,4.225,30.4,1722030967116
0.0,0.0,4.225,30.4,1722030967118
0.0,0.0,4.225,30.4,1722030967121
0.0,0.0,4.194,30.4,1722030967188
0.0,0.0,4.194,30.4,1722030967192
0.0,0.0,4.194,30.4,1722030967196
0.0,0.0,4.204,30.4,1722030967253
0.0,0.0,4.204,30.4,1722030967256
0.0,0.0,4.204,30.4,1722030967263
0.0,0.0,4.194,30.4,1722030967332
0.0,0.0,4.194,30.4,1722030967336
0.0,0.0,4.194,30.4,1722030967341
0.0,0.0,4.194,30.4,1722030967408
0.0,0.0,4.194,30.4,1722030967413
0.0,0.0,4.194,30.4,1722030967416
0.0,0.0,4.194,30.4,1722030967465
0.0,0.0,4.194,30.4,1722030967467
0.0,0.0,4.194,30.4,1722030967471
0.0,0.0,4.183,30.4,1722030967534
0.0,0.0,4.183,30.4,1722030967535
0.0,0.0,4.183,30.4,1722030967541
0.0,0.0,4.183,30.4,1722030967602
0.0,0.0,4.183,30.4,1722030967605
0.0,0.0,4.183,30.4,1722030967608
0.0,0.0,4.194,30.4,1722030967675
0.0,0.0,4.194,30.4,1722030967679
0.0,0.0,4.194,30.4,1722030967680
0.0,0.0,4.194,30.4,1722030967747
35.16231155395508,139.6155548095703,4.194,30.4,1722030967747
0.0,0.0,4.194,30.4,1722030967749
0.0,0.0,4.194,30.4,1722030967751
0.0,0.0,4.194,30.4,1722030967822
0.0,0.0,4.194,30.4,1722030967826
0.0,0.0,4.194,30.4,1722030967829
0.0,0.0,4.194,30.4,1722030967882
0.0,0.0,4.194,30.4,1722030967883
0.0,0.0,4.194,30.4,1722030967888
0.0,0.0,4.194,30.4,1722030967967
0.0,0.0,4.194,30.4,1722030967971
0.0,0.0,4.194,30.4,1722030967973
0.0,0.0,4.194,30.4,1722030968041
0.0,0.0,4.194,30.4,1722030968043
0.0,0.0,4.194,30.4,1722030968047
0.0,0.0,4.194,30.4,1722030968091
0.0,0.0,4.194,30.4,1722030968092
0.0,0.0,4.194,30.4,1722030968094
0.0,0.0,4.204,30.4,1722030968175
0.0,0.0,4.204,30.4,1722030968180
0.0,0.0,4.204,30.4,1722030968184
0.0,0.0,4.204,30.4,1722030968233
0.0,0.0,4.204,30.4,1722030968237
0.0,0.0,4.204,30.4,1722030968240
0.0,0.0,4.225,30.4,1722030968311
0.0,0.0,4.225,30.4,1722030968313
0.0,0.0,4.225,30.4,1722030968318
0.0,0.0,4.246,30.4,1722030968379
0.0,0.0,4.246,30.4,1722030968382
0.0,0.0,4.246,30.4,1722030968385
0.0,0.0,4.256,30.4,1722030968451
0.0,0.0,4.256,30.4,1722030968456
0.0,0.0,4.256,30.4,1722030968459
0.0,0.0,4.246,30.4,1722030968515
0.0,0.0,4.246,30.4,1722030968517
0.0,0.0,4.246,30.4,1722030968520
0.0,0.0,4.256,30.4,1722030968583
0.0,0.0,4.256,30.4,1722030968585
0.0,0.0,4.256,30.4,1722030968588
0.0,0.0,4.277,30.4,1722030968651
0.0,0.0,4.277,30.4,1722030968653
0.0,0.0,4.277,30.4,1722030968655
0.0,0.0,4.287,30.4,1722030968748
35.162322998046875,139.6155548095703,4.287,30.4,1722030968748
0.0,0.0,4.287,30.4,1722030968751
0.0,0.0,4.287,30.4,1722030968753
0.0,0.0,4.287,30.4,1722030968801
0.0,0.0,4.287,30.4,1722030968804
0.0,0.0,4.287,30.4,1722030968806
0.0,0.0,4.298,30.4,1722030968870
0.0,0.0,4.298,30.4,1722030968882
0.0,0.0,4.298,30.4,1722030968888
0.0,0.0,4.287,30.4,1722030968932
0.0,0.0,4.287,30.4,1722030968937
0.0,0.0,4.287,30.4,1722030968941
0.0,0.0,4.277,30.4,1722030969007
0.0,0.0,4.277,30.4,1722030969009
0.0,0.0,4.277,30.4,1722030969013
0.0,0.0,4.266,30.4,1722030969079
0.0,0.0,4.266,30.4,1722030969082
0.0,0.0,4.266,30.4,1722030969085
0.0,0.0,4.246,30.4,1722030969139
0.0,0.0,4.246,30.4,1722030969141
0.0,0.0,4.246,30.4,1722030969143
0.0,0.0,4.246,30.4,1722030969216
0.0,0.0,4.246,30.4,1722030969219
0.0,0.0,4.246,30.4,1722030969221
0.0,0.0,4.225,30.4,1722030969284
0.0,0.0,4.225,30.4,1722030969286
0.0,0.0,4.225,30.4,1722030969288
0.0,0.0,4.225,30.4,1722030969363
0.0,0.0,4.225,30.4,1722030969366
0.0,0.0,4.225,30.4,1722030969368
0.0,0.0,4.225,30.4,1722030969446
0.0,0.0,4.225,30.4,1722030969448
0.0,0.0,4.225,30.4,1722030969450
0.0,0.0,4.235,30.4,1722030969565
0.0,0.0,4.235,30.4,1722030969568
0.0,0.0,4.235,30.4,1722030969572
0.0,0.0,4.225,30.4,1722030969635
0.0,0.0,4.225,30.4,1722030969638
0.0,0.0,4.225,30.4,1722030969641
0.0,0.0,4.235,30.4,1722030969702
0.0,0.0,4.235,30.4,1722030969704
0.0,0.0,4.235,30.4,1722030969708
35.16233825683594,139.61553955078125,4.235,30.4,1722030969708
0.0,0.0,4.225,30.4,1722030969776
0.0,0.0,4.225,30.4,1722030969779
0.0,0.0,4.225,30.4,1722030969782
0.0,0.0,4.246,30.4,1722030969848
0.0,0.0,4.246,30.4,1722030969855
0.0,0.0,4.246,30.4,1722030969860
0.0,0.0,4.256,30.4,1722030969917
0.0,0.0,4.256,30.4,1722030969925
0.0,0.0,4.256,30.4,1722030969928
0.0,0.0,4.266,30.4,1722030969985
0.0,0.0,4.266,30.4,1722030969988
0.0,0.0,4.266,30.4,1722030969990
0.0,0.0,4.287,30.4,1722030970082
0.0,0.0,4.287,30.4,1722030970087
0.0,0.0,4.287,30.4,1722030970091
0.0,0.0,4.298,30.4,1722030970126
0.0,0.0,4.298,30.4,1722030970131
0.0,0.0,4.298,30.4,1722030970134
0.0,0.0,4.318,30.4,1722030970193
0.0,0.0,4.318,30.4,1722030970195
0.0,0.0,4.318,30.4,1722030970197
0.0,0.0,4.308,30.4,1722030970263
0.0,0.0,4.308,30.4,1722030970266
0.0,0.0,4.308,30.4,1722030970269
0.0,0.0,4.308,30.4,1722030970340
0.0,0.0,4.308,30.4,1722030970343
0.0,0.0,4.308,30.4,1722030970345
0.0,0.0,4.287,30.4,1722030970403
0.0,0.0,4.287,30.4,1722030970410
0.0,0.0,4.287,30.4,1722030970412
0.0,0.0,4.298,30.4,1722030970475
0.0,0.0,4.298,30.4,1722030970477
0.0,0.0,4.298,30.4,1722030970479
0.0,0.0,4.287,30.4,1722030970541
0.0,0.0,4.287,30.4,1722030970544
0.0,0.0,4.287,30.4,1722030970545
0.0,0.0,4.287,30.4,1722030970613
0.0,0.0,4.287,30.4,1722030970617
0.0,0.0,4.287,30.4,1722030970620
0.0,0.0,4.298,30.4,1722030970685
0.0,0.0,4.298,30.4,1722030970689
0.0,0.0,4.298,30.4,1722030970707
0.0,0.0,4.308,30.4,1722030970761
35.162353515625,139.6155548095703,4.308,30.4,1722030970761
0.0,0.0,4.308,30.4,1722030970767
0.0,0.0,4.308,30.4,1722030970773
0.0,0.0,4.298,30.4,1722030970824
0.0,0.0,4.298,30.4,1722030970826
0.0,0.0,4.298,30.4,1722030970828
0.0,0.0,4.298,30.4,1722030970895
0.0,0.0,4.298,30.4,1722030970900
0.0,0.0,4.298,30.4,1722030970904
0.0,0.0,4.308,30.4,1722030970969
0.0,0.0,4.308,30.4,1722030970989
0.0,0.0,4.308,30.4,1722030970994
0.0,0.0,4.308,30.4,1722030971039
0.0,0.0,4.308,30.4,1722030971043
0.0,0.0,4.308,30.4,1722030971046
0.0,0.0,4.35,30.4,1722030971110
0.0,0.0,4.35,30.4,1722030971118
0.0,0.0,4.35,30.4,1722030971119
0.0,0.0,4.35,30.4,1722030971172
0.0,0.0,4.35,30.4,1722030971175
0.0,0.0,4.35,30.4,1722030971178
0.0,0.0,4.37,30.4,1722030971243
0.0,0.0,4.37,30.4,1722030971245
0.0,0.0,4.37,30.4,1722030971247
0.0,0.0,4.391,30.4,1722030971319
0.0,0.0,4.391,30.4,1722030971323
0.0,0.0,4.391,30.4,1722030971327
0.0,0.0,4.402,30.4,1722030971389
0.0,0.0,4.402,30.4,1722030971391
0.0,0.0,4.402,30.4,1722030971395
0.0,0.0,4.402,30.4,1722030971454
0.0,0.0,4.402,30.4,1722030971457
0.0,0.0,4.402,30.4,1722030971461
0.0,0.0,4.391,30.4,1722030971524
0.0,0.0,4.391,30.4,1722030971527
0.0,0.0,4.391,30.4,1722030971530
0.0,0.0,4.391,30.4,1722030971607
0.0,0.0,4.391,30.4,1722030971618
0.0,0.0,4.391,30.4,1722030971621
0.0,0.0,4.391,30.2,1722030971683
0.0,0.0,4.391,30.2,1722030971686
0.0,0.0,4.391,30.2,1722030971692
0.0,0.0,4.391,30.2,1722030971733
35.16236114501953,139.6155548095703,4.391,30.2,1722030971733
0.0,0.0,4.391,30.2,1722030971736
0.0,0.0,4.391,30.2,1722030971743
0.0,0.0,4.391,30.2,1722030971813
0.0,0.0,4.391,30.2,1722030971816
0.0,0.0,4.391,30.2,1722030971818
0.0,0.0,4.391,30.2,1722030971876
0.0,0.0,4.391,30.2,1722030971885
0.0,0.0,4.391,30.2,1722030971889
0.0,0.0,4.36,30.2,1722030971966
0.0,0.0,4.36,30.2,1722030971969
0.0,0.0,4.36,30.2,1722030971974
0.0,0.0,4.37,30.2,1722030972014
0.0,0.0,4.37,30.2,1722030972016
0.0,0.0,4.37,30.2,1722030972020
0.0,0.0,4.36,30.2,1722030972081
0.0,0.0,4.36,30.2,1722030972084
0.0,0.0,4.36,30.2,1722030972087
0.0,0.0,4.37,30.2,1722030972154
0.0,0.0,4.37,30.2,1722030972157
0.0,0.0,4.37,30.2,1722030972158
0.0,0.0,4.381,30.2,1722030972226
0.0,0.0,4.381,30.2,1722030972229
0.0,0.0,4.381,30.2,1722030972232
0.0,0.0,4.381,30.2,1722030972304
0.0,0.0,4.381,30.2,1722030972308
0.0,0.0,4.381,30.2,1722030972311
0.0,0.0,4.402,30.2,1722030972379
0.0,0.0,4.402,30.2,1722030972381
0.0,0.0,4.402,30.2,1722030972385
0.0,0.0,4.433,30.2,1722030972513
0.0,0.0,4.433,30.2,1722030972517
0.0,0.0,4.433,30.2,1722030972520
0.0,0.0,4.464,30.2,1722030972575
0.0,0.0,4.464,30.2,1722030972594
0.0,0.0,4.464,30.2,1722030972596
0.0,0.0,4.475,30.2,1722030972645
0.0,0.0,4.475,30.2,1722030972649
0.0,0.0,4.475,30.2,1722030972651
0.0,0.0,4.495,30.2,1722030972718
0.0,0.0,4.495,30.2,1722030972722
0.0,0.0,4.495,30.2,1722030972729
0.0,0.0,4.506,30.2,1722030972786
35.16237258911133,139.6155548095703,4.506,30.2,1722030972786
0.0,0.0,4.506,30.2,1722030972789
0.0,0.0,4.506,30.2,1722030972793
0.0,0.0,4.527,30.2,1722030972853
0.0,0.0,4.527,30.2,1722030972855
0.0,0.0,4.527,30.2,1722030972857
0.0,0.0,4.527,30.2,1722030972927
0.0,0.0,4.527,30.2,1722030972930
0.0,0.0,4.527,30.2,1722030972933
0.0,0.0,4.527,30.2,1722030972992
0.0,0.0,4.527,30.2,1722030972995
0.0,0.0,4.527,30.2,1722030972999
0.0,0.0,4.506,30.2,1722030973062
0.0,0.0,4.506,30.2,1722030973064
0.0,0.0,4.506,30.2,1722030973068
0.0,0.0,4.516,30.2,1722030973142
0.0,0.0,4.516,30.2,1722030973152
0.0,0.0,4.516,30.2,1722030973156
0.0,0.0,4.527,30.2,1722030973211
0.0,0.0,4.527,30.2,1722030973215
0.0,0.0,4.527,30.2,1722030973218
0.0,0.0,4.516,30.2,1722030973278
0.0,0.0,4.516,30.2,1722030973281
0.0,0.0,4.516,30.2,1722030973288
0.0,0.0,4.495,30.2,1722030973343
0.0,0.0,4.495,30.2,1722030973346
0.0,0.0,4.495,30.2,1722030973349
0.0,0.0,4.485,30.2,1722030973416
0.0,0.0,4.485,30.2,1722030973419
0.0,0.0,4.485,30.2,1722030973426
0.0,0.0,4.475,30.2,1722030973495
0.0,0.0,4.475,30.2,1722030973501
0.0,0.0,4.475,30.2,1722030973504
0.0,0.0,4.464,30.2,1722030973557
0.0,0.0,4.464,30.2,1722030973562
0.0,0.0,4.464,30.2,1722030973567
0.0,0.0,4.454,30.2,1722030973626
0.0,0.0,4.454,30.2,1722030973631
0.0,0.0,4.454,30.2,1722030973635
0.0,0.0,4.454,30.2,1722030973698
0.0,0.0,4.454,30.2,1722030973706
0.0,0.0,4.454,30.2,1722030973710
35.162384033203125,139.6155548095703,4.454,30.2,1722030973710
0.0,0.0,4.454,30.2,1722030973768
0.0,0.0,4.454,30.2,1722030973772
0.0,0.0,4.454,30.2,1722030973775
0.0,0.0,4.464,30.2,1722030973834
0.0,0.0,4.464,30.2,1722030973838
0.0,0.0,4.464,30.2,1722030973849
0.0,0.0,4.464,30.2,1722030973906
0.0,0.0,4.464,30.2,1722030973909
0.0,0.0,4.464,30.2,1722030973913
0.0,0.0,4.454,30.2,1722030973978
0.0,0.0,4.454,30.2,1722030973985
0.0,0.0,4.454,30.2,1722030973989
0.0,0.0,4.454,30.2,1722030974044
0.0,0.0,4.454,30.2,1722030974047
0.0,0.0,4.454,30.2,1722030974050
0.0,0.0,4.454,30.2,1722030974112
0.0,0.0,4.454,30.2,1722030974115
0.0,0.0,4.454,30.2,1722030974116
0.0,0.0,4.454,30.2,1722030974183
0.0,0.0,4.454,30.2,1722030974185
0.0,0.0,4.454,30.2,1722030974187
0.0,0.0,4.443,30.2,1722030974304
0.0,0.0,4.443,30.2,1722030974306
0.0,0.0,4.443,30.2,1722030974308
0.0,0.0,4.454,30.2,1722030974326
0.0,0.0,4.454,30.2,1722030974329
0.0,0.0,4.454,30.2,1722030974344
0.0,0.0,4.464,30.2,1722030974429
0.0,0.0,4.464,30.2,1722030974432
0.0,0.0,4.464,30.2,1722030974435
0.0,0.0,4.464,30.2,1722030974468
0.0,0.0,4.464,30.2,1722030974471
0.0,0.0,4.464,30.2,1722030974478
0.0,0.0,4.485,30.2,1722030974546
0.0,0.0,4.485,30.2,1722030974549
0.0,0.0,4.485,30.2,1722030974552
0.0,0.0,4.485,30.0,1722030974620
0.0,0.0,4.485,30.0,1722030974623
0.0,0.0,4.485,30.0,1722030974630
0.0,0.0,4.495,30.0,1722030974740
35.16239547729492,139.61557006835938,4.495,30.0,1722030974740
0.0,0.0,4.495,30.0,1722030974744
0.0,0.0,4.495,30.0,1722030974746
0.0,0.0,4.527,30.0,1722030974760
0.0,0.0,4.527,30.0,1722030974764
0.0,0.0,4.527,30.0,1722030974769
0.0,0.0,4.537,30.0,1722030974835
0.0,0.0,4.537,30.0,1722030974837
0.0,0.0,4.537,30.0,1722030974840
0.0,0.0,4.558,30.0,1722030974926
0.0,0.0,4.558,30.0,1722030974928
0.0,0.0,4.558,30.0,1722030974930
0.0,0.0,4.568,30.0,1722030974953
0.0,0.0,4.568,30.0,1722030974954
0.0,0.0,4.568,30.0,1722030974957
0.0,0.0,4.579,30.0,1722030975051
0.0,0.0,4.579,30.0,1722030975059
0.0,0.0,4.579,30.0,1722030975062
0.0,0.0,4.579,30.0,1722030975094
0.0,0.0,4.579,30.0,1722030975104
0.0,0.0,4.579,30.0,1722030975107
0.0,0.0,4.589,30.0,1722030975169
0.0,0.0,4.589,30.0,1722030975174
0.0,0.0,4.589,30.0,1722030975177
0.0,0.0,4.579,30.0,1722030975234
0.0,0.0,4.579,30.0,1722030975236
0.0,0.0,4.579,30.0,1722030975249
0.0,0.0,4.589,30.0,1722030975394
0.0,0.0,4.589,30.0,1722030975398
0.0,0.0,4.589,30.0,1722030975401
0.0,0.0,4.568,30.0,1722030975403
0.0,0.0,4.568,30.0,1722030975406
0.0,0.0,4.568,30.0,1722030975407
0.0,0.0,4.568,30.0,1722030975517
0.0,0.0,4.568,30.0,1722030975520
0.0,0.0,4.568,30.0,1722030975525
0.0,0.0,4.547,30.0,1722030975630
0.0,0.0,4.547,30.0,1722030975633
0.0,0.0,4.547,30.0,1722030975637
0.0,0.0,4.527,30.0,1722030975656
0.0,0.0,4.527,30.0,1722030975659
0.0,0.0,4.527,30.0,1722030975662
0.0,0.0,4.506,30.0,1722030975752
35.16240692138672,139.61557006835938,4.506,30.0,1722030975752
0.0,0.0,4.506,30.0,1722030975757
0.0,0.0,4.506,30.0,1722030975760
0.0,0.0,4.506,30.0,1722030975867
0.0,0.0,4.506,30.0,1722030975870
0.0,0.0,4.506,30.0,1722030975875
0.0,0.0,4.485,30.0,1722030975936
0.0,0.0,4.485,30.0,1722030975938
0.0,0.0,4.485,30.0,1722030975939
0.0,0.0,4.475,30.0,1722030976018
0.0,0.0,4.475,30.0,1722030976022
0.0,0.0,4.475,30.0,1722030976025
0.0,0.0,4.475,30.0,1722030976073
0.0,0.0,4.475,30.0,1722030976075
0.0,0.0,4.475,30.0,1722030976079
0.0,0.0,4.454,30.0,1722030976144
0.0,0.0,4.454,30.0,1722030976146
0.0,0.0,4.454,30.0,1722030976149
0.0,0.0,4.443,30.0,1722030976212
0.0,0.0,4.443,30.0,1722030976216
0.0,0.0,4.443,30.0,1722030976218
0.0,0.0,4.454,30.0,1722030976297
0.0,0.0,4.454,30.0,1722030976300
0.0,0.0,4.454,30.0,1722030976318
0.0,0.0,4.464,30.0,1722030976358
0.0,0.0,4.464,30.0,1722030976361
0.0,0.0,4.464,30.0,1722030976364
0.0,0.0,4.454,30.0,1722030976425
0.0,0.0,4.454,30.0,1722030976428
0.0,0.0,4.454,30.0,1722030976429
0.0,0.0,4.464,30.0,1722030976499
0.0,0.0,4.464,30.0,1722030976502
0.0,0.0,4.464,30.0,1722030976504
0.0,0.0,4.475,30.0,1722030976568
0.0,0.0,4.475,30.0,1722030976571
0.0,0.0,4.475,30.0,1722030976574
0.0,0.0,4.485,30.0,1722030976638
0.0,0.0,4.485,30.0,1722030976641
0.0,0.0,4.485,30.0,1722030976645
0.0,0.0,4.495,30.0,1722030976708
0.0,0.0,4.495,30.0,1722030976713
0.0,0.0,4.495,30.0,1722030976720
35.162418365478516,139.61557006835938,4.495,30.0,1722030976720
0.0,0.0,4.516,30.0,1722030976788
0.0,0.0,4.516,30.0,1722030976792
0.0,0.0,4.516,30.0,1722030976796
0.0,0.0,4.516,30.0,1722030976946
0.0,0.0,4.516,30.0,1722030976957
0.0,0.0,4.516,30.0,1722030976960
0.0,0.0,4.527,30.0,1722030976983
0.0,0.0,4.527,30.0,1722030976985
0.0,0.0,4.527,30.0,1722030976989
0.0,0.0,4.547,30.0,1722030977051
0.0,0.0,4.547,30.0,1722030977053
0.0,0.0,4.547,30.0,1722030977055
0.0,0.0,4.558,30.0,1722030977124
0.0,0.0,4.558,30.0,1722030977127
0.0,0.0,4.558,30.0,1722030977129
0.0,0.0,4.547,30.0,1722030977194
0.0,0.0,4.547,30.0,1722030977197
0.0,0.0,4.547,30.0,1722030977199
0.0,0.0,4.537,30.0,1722030977264
0.0,0.0,4.537,30.0,1722030977268
0.0,0.0,4.537,30.0,1722030977271
0.0,0.0,4.547,30.0,1722030977333
0.0,0.0,4.547,30.0,1722030977338
0.0,0.0,4.547,30.0,1722030977341
0.0,0.0,4.547,30.0,1722030977405
0.0,0.0,4.547,30.0,1722030977408
0.0,0.0,4.547,30.0,1722030977413
0.0,0.0,4.537,30.0,1722030977511
0.0,0.0,4.537,30.0,1722030977514
0.0,0.0,4.537,30.0,1722030977520
0.0,0.0,4.527,30.0,1722030977549
0.0,0.0,4.527,30.0,1722030977551
0.0,0.0,4.527,30.0,1722030977554
0.0,0.0,4.527,30.0,1722030977625
0.0,0.0,4.527,30.0,1722030977629
0.0,0.0,4.527,30.0,1722030977631
0.0,0.0,4.506,30.0,1722030977704
0.0,0.0,4.506,30.0,1722030977717
0.0,0.0,4.506,30.0,1722030977720
0.0,0.0,4.495,30.0,1722030977761
35.16242980957031,139.61558532714844,4.495,30.0,1722030977761
0.0,0.0,4.495,30.0,1722030977764
0.0,0.0,4.495,30.0,1722030977766
0.0,0.0,4.485,30.0,1722030977825
0.0,0.0,4.485,30.0,1722030977829
0.0,0.0,4.485,30.0,1722030977831
0.0,0.0,4.464,30.0,1722030977893
0.0,0.0,4.464,30.0,1722030977895
0.0,0.0,4.464,30.0,1722030977899
0.0,0.0,4.454,30.0,1722030977963
0.0,0.0,4.454,30.0,1722030977966
0.0,0.0,4.454,30.0,1722030977968
0.0,0.0,4.433,30.0,1722030978034
0.0,0.0,4.433,30.0,1722030978036
0.0,0.0,4.433,30.0,1722030978038
0.0,0.0,4.433,30.0,1722030978140
0.0,0.0,4.433,30.0,1722030978143
0.0,0.0,4.433,30.0,1722030978147
0.0,0.0,4.433,30.0,1722030978176
0.0,0.0,4.433,30.0,1722030978184
0.0,0.0,4.433,30.0,1722030978186
0.0,0.0,4.433,30.0,1722030978250
0.0,0.0,4.433,30.0,1722030978253
0.0,0.0,4.433,30.0,1722030978256
0.0,0.0,4.454,30.0,1722030978318
0.0,0.0,4.454,30.0,1722030978322
0.0,0.0,4.454,30.0,1722030978326
0.0,0.0,4.464,30.0,1722030978383
0.0,0.0,4.464,30.0,1722030978387
0.0,0.0,4.464,30.0,1722030978392
0.0,0.0,4.464,30.0,1722030978455
0.0,0.0,4.464,30.0,1722030978457
0.0,0.0,4.464,30.0,1722030978460
0.0,0.0,4.475,30.0,1722030978523
0.0,0.0,4.475,30.0,1722030978525
0.0,0.0,4.475,30.0,1722030978527
0.0,0.0,4.495,30.0,1722030978597
0.0,0.0,4.495,30.0,1722030978599
0.0,0.0,4.495,30.0,1722030978603
0.0,0.0,4.495,30.0,1722030978668
0.0,0.0,4.495,30.0,1722030978672
0.0,0.0,4.495,30.0,1722030978676
0.0,0.0,4.516,30.0,1722030978734
0.0,0.0,4.516,30.0,1722030978736
35.162445068359375,139.61558532714844,4.516,30.0,1722030978736
0.0,0.0,4.516,30.0,1722030978741
0.0,0.0,4.527,30.0,1722030978805
0.0,0.0,4.527,30.0,1722030978809
0.0,0.0,4.527,30.0,1722030978811
0.0,0.0,4.527,30.0,1722030978882
0.0,0.0,4.527,30.0,1722030978884
0.0,0.0,4.527,30.0,1722030978887
0.0,0.0,4.558,30.0,1722030978959
0.0,0.0,4.558,30.0,1722030978961
0.0,0.0,4.558,30.0,1722030978963
0.0,0.0,4.568,30.0,1722030979029
0.0,0.0,4.568,30.0,1722030979032
0.0,0.0,4.568,30.0,1722030979034
0.0,0.0,4.568,30.0,1722030979086
0.0,0.0,4.568,30.0,1722030979090
0.0,0.0,4.568,30.0,1722030979094
0.0,0.0,4.568,30.0,1722030979152
0.0,0.0,4.568,30.0,1722030979156
0.0,0.0,4.568,30.0,1722030979160
0.0,0.0,4.568,30.0,1722030979224
0.0,0.0,4.568,30.0,1722030979226
0.0,0.0,4.568,30.0,1722030979229
0.0,0.0,4.568,30.0,1722030979294
0.0,0.0,4.568,30.0,1722030979297
0.0,0.0,4.568,30.0,1722030979299
0.0,0.0,4.579,30.0,1722030979364
0.0,0.0,4.579,30.0,1722030979366
0.0,0.0,4.579,30.0,1722030979368
0.0,0.0,4.599,30.0,1722030979439
0.0,0.0,4.599,30.0,1722030979441
0.0,0.0,4.599,30.0,1722030979443
0.0,0.0,4.599,30.0,1722030979511
0.0,0.0,4.599,30.0,1722030979513
0.0,0.0,4.599,30.0,1722030979518
0.0,0.0,4.61,30.0,1722030979593
0.0,0.0,4.61,30.0,1722030979596
0.0,0.0,4.61,30.0,1722030979604
0.0,0.0,4.631,30.0,1722030979666
0.0,0.0,4.631,30.0,1722030979669
0.0,0.0,4.631,30.0,1722030979672
0.0,0.0,4.62,30.0,1722030979715
0.0,0.0,4.62,30.0,1722030979721
0.0,0.0,4.62,30.0,1722030979723
35.16245651245117,139.61558532714844,4.62,30.0,1722030979723
0.0,0.0,4.599,30.0,1722030979784
0.0,0.0,4.599,30.0,1722030979786
0.0,0.0,4.599,30.0,1722030979789
0.0,0.0,4.599,30.0,1722030979854
0.0,0.0,4.599,30.0,1722030979862
0.0,0.0,4.599,30.0,1722030979868
0.0,0.0,4.599,30.0,1722030979925
0.0,0.0,4.599,30.0,1722030979929
0.0,0.0,4.599,30.0,1722030979931
0.0,0.0,4.61,30.0,1722030979992
0.0,0.0,4.61,30.0,1722030980007
0.0,0.0,4.61,30.0,1722030980011
0.0,0.0,4.589,30.0,1722030980062
0.0,0.0,4.589,30.0,1722030980064
0.0,0.0,4.589,30.0,1722030980067
0.0,0.0,4.599,30.0,1722030980137
0.0,0.0,4.599,30.0,1722030980142
0.0,0.0,4.599,30.0,1722030980147
0.0,0.0,4.599,30.0,1722030980203
0.0,0.0,4.599,30.0,1722030980204
0.0,0.0,4.599,30.0,1722030980205
0.0,0.0,4.589,30.0,1722030980275
0.0,0.0,4.589,30.0,1722030980279
0.0,0.0,4.589,30.0,1722030980283
0.0,0.0,4.589,30.0,1722030980377
0.0,0.0,4.589,30.0,1722030980380
0.0,0.0,4.589,30.0,1722030980384
0.0,0.0,4.599,30.0,1722030980414
0.0,0.0,4.599,30.0,1722030980417
0.0,0.0,4.599,30.0,1722030980419
0.0,0.0,4.579,30.0,1722030980484
0.0,0.0,4.579,30.0,1722030980487
0.0,0.0,4.579,30.0,1722030980489
0.0,0.0,4.589,30.0,1722030980559
0.0,0.0,4.589,30.0,1722030980562
0.0,0.0,4.589,30.0,1722030980565
0.0,0.0,4.631,30.0,1722030980627
0.0,0.0,4.631,30.0,1722030980633
0.0,0.0,4.631,30.0,1722030980638
0.0,0.0,4.641,30.0,1722030980696
0.0,0.0,4.641,30.0,1722030980699
0.0,0.0,4.641,30.0,1722030980704
0.0,0.0,4.662,30.0,1722030980767
35.16246795654297,139.61557006835938,4.662,30.0,1722030980767
0.0,0.0,4.662,30.0,1722030980772
0.0,0.0,4.662,30.0,1722030980802
0.0,0.0,4.693,30.0,1722030980840
0.0,0.0,4.693,30.0,1722030980842
0.0,0.0,4.693,30.0,1722030980844
0.0,0.0,4.714,30.0,1722030980914
0.0,0.0,4.714,30.0,1722030980930
0.0,0.0,4.714,30.0,1722030980935
0.0,0.0,4.735,30.0,1722030980976
0.0,0.0,4.735,30.0,1722030980978
0.0,0.0,4.735,30.0,1722030980980
0.0,0.0,4.745,30.0,1722030981079
0.0,0.0,4.745,30.0,1722030981081
0.0,0.0,4.745,30.0,1722030981083
0.0,0.0,4.766,30.0,1722030981116
0.0,0.0,4.766,30.0,1722030981117
0.0,0.0,4.766,30.0,1722030981120
0.0,0.0,4.766,30.0,1722030981185
0.0,0.0,4.766,30.0,1722030981190
0.0,0.0,4.766,30.0,1722030981193
0.0,0.0,4.797,30.0,1722030981258
0.0,0.0,4.797,30.0,1722030981264
0.0,0.0,4.797,30.0,1722030981268
0.0,0.0,4.828,30.0,1722030981325
0.0,0.0,4.828,30.0,1722030981331
0.0,0.0,4.828,30.0,1722030981333
0.0,0.0,4.828,30.0,1722030981396
0.0,0.0,4.828,30.0,1722030981400
0.0,0.0,4.828,30.0,1722030981404
0.0,0.0,4.818,30.0,1722030981466
0.0,0.0,4.818,30.0,1722030981468
0.0,0.0,4.818,30.0,1722030981472
0.0,0.0,4.828,30.0,1722030981539
0.0,0.0,4.828,30.0,1722030981541
0.0,0.0,4.828,30.0,1722030981543
0.0,0.0,4.818,30.0,1722030981612
0.0,0.0,4.818,30.0,1722030981614
0.0,0.0,4.818,30.0,1722030981617
0.0,0.0,4.797,30.0,1722030981680
0.0,0.0,4.797,30.0,1722030981688
0.0,0.0,4.797,30.0,1722030981690
0.0,0.0,4.787,30.0,1722030981745
35.16248321533203,139.61557006835938,4.787,30.0,1722030981745
0.0,0.0,4.787,30.0,1722030981747
0.0,0.0,4.787,30.0,1722030981749
0.0,0.0,4.776,30.0,1722030981816
0.0,0.0,4.776,30.0,1722030981817
0.0,0.0,4.776,30.0,1722030981836
0.0,0.0,4.787,30.0,1722030981889
0.0,0.0,4.787,30.0,1722030981892
0.0,0.0,4.787,30.0,1722030981896
0.0,0.0,4.787,30.0,1722030981961
0.0,0.0,4.787,30.0,1722030981965
0.0,0.0,4.787,30.0,1722030981968
0.0,0.0,4.787,30.0,1722030982027
0.0,0.0,4.787,30.0,1722030982028
0.0,0.0,4.787,30.0,1722030982033
0.0,0.0,4.787,30.0,1722030982107
0.0,0.0,4.787,30.0,1722030982110
0.0,0.0,4.787,30.0,1722030982118
0.0,0.0,4.808,30.0,1722030982166
0.0,0.0,4.808,30.0,1722030982168
0.0,0.0,4.808,30.0,1722030982169
0.0,0.0,4.818,30.0,1722030982239
0.0,0.0,4.818,30.0,1722030982242
0.0,0.0,4.818,30.0,1722030982245
0.0,0.0,4.839,30.0,1722030982306
0.0,0.0,4.839,30.0,1722030982308
0.0,0.0,4.839,30.0,1722030982310
0.0,0.0,4.839,30.0,1722030982374
0.0,0.0,4.839,30.0,1722030982376
0.0,0.0,4.839,30.0,1722030982379
0.0,0.0,4.86,30.0,1722030982452
0.0,0.0,4.86,30.0,1722030982454
0.0,0.0,4.86,30.0,1722030982457
0.0,0.0,4.891,30.0,1722030982540
0.0,0.0,4.891,30.0,1722030982546
0.0,0.0,4.891,30.0,1722030982549
0.0,0.0,4.912,30.0,1722030982620
0.0,0.0,4.912,30.0,1722030982622
0.0,0.0,4.912,30.0,1722030982625
0.0,0.0,4.912,30.0,1722030982656
0.0,0.0,4.912,30.0,1722030982659
0.0,0.0,4.912,30.0,1722030982661
0.0,0.0,4.922,30.0,1722030982727
0.0,0.0,4.922,30.0,1722030982732
0.0,0.0,4.922,30.0,1722030982735
35.162498474121094,139.61558532714844,4.922,30.0,1722030982735
0.0,0.0,4.922,30.0,1722030982800
0.0,0.0,4.922,30.0,1722030982804
0.0,0.0,4.922,30.0,1722030982806
0.0,0.0,4.922,30.0,1722030982866
0.0,0.0,4.922,30.0,1722030982873
0.0,0.0,4.922,30.0,1722030982875
0.0,0.0,4.922,30.0,1722030982941
0.0,0.0,4.922,30.0,1722030982944
0.0,0.0,4.922,30.0,1722030982948
0.0,0.0,4.901,30.0,1722030983020
0.0,0.0,4.901,30.0,1722030983025
0.0,0.0,4.901,30.0,1722030983030
0.0,0.0,4.912,30.0,1722030983073
0.0,0.0,4.912,30.0,1722030983075
0.0,0.0,4.912,30.0,1722030983077
0.0,0.0,4.922,30.0,1722030983150
0.0,0.0,4.922,30.0,1722030983152
0.0,0.0,4.922,30.0,1722030983154
0.0,0.0,4.932,30.0,1722030983216
0.0,0.0,4.932,30.0,1722030983219
0.0,0.0,4.932,30.0,1722030983222
0.0,0.0,4.953,30.0,1722030983315
0.0,0.0,4.953,30.0,1722030983318
0.0,0.0,4.953,30.0,1722030983320
0.0,0.0,4.953,30.0,1722030983357
0.0,0.0,4.953,30.0,1722030983359
0.0,0.0,4.953,30.0,1722030983362
0.0,0.0,4.974,30.0,1722030983426
0.0,0.0,4.974,30.0,1722030983429
0.0,0.0,4.974,30.0,1722030983432
0.0,0.0,4.984,30.0,1722030983495
0.0,0.0,4.984,30.0,1722030983497
0.0,0.0,4.984,30.0,1722030983502
0.0,0.0,4.995,30.0,1722030983568
0.0,0.0,4.995,30.0,1722030983570
0.0,0.0,4.995,30.0,1722030983577
0.0,0.0,5.036,29.8,1722030983649
0.0,0.0,5.036,29.8,1722030983653
0.0,0.0,5.036,29.8,1722030983656
0.0,0.0,5.078,29.8,1722030983715
0.0,0.0,5.078,29.8,1722030983728
0.0,0.0,5.078,29.8,1722030983734
0.0,0.0,5.099,29.8,1722030983781
0.0,0.0,5.099,29.8,1722030983786
35.16250991821289,139.61558532714844,5.099,29.8,1722030983786
0.0,0.0,5.099,29.8,1722030983789
0.0,0.0,5.12,29.8,1722030983849
0.0,0.0,5.12,29.8,1722030983856
0.0,0.0,5.12,29.8,1722030983860
0.0,0.0,5.141,29.8,1722030983934
0.0,0.0,5.141,29.8,1722030983936
0.0,0.0,5.141,29.8,1722030983939
0.0,0.0,5.141,29.8,1722030983987
0.0,0.0,5.141,29.8,1722030983989
0.0,0.0,5.141,29.8,1722030983992
0.0,0.0,5.13,29.8,1722030984053
0.0,0.0,5.13,29.8,1722030984056
0.0,0.0,5.13,29.8,1722030984059
0.0,0.0,5.13,29.8,1722030984124
0.0,0.0,5.13,29.8,1722030984126
0.0,0.0,5.13,29.8,1722030984128
0.0,0.0,5.141,29.8,1722030984198
0.0,0.0,5.141,29.8,1722030984201
0.0,0.0,5.141,29.8,1722030984203
0.0,0.0,5.141,29.8,1722030984265
0.0,0.0,5.141,29.8,1722030984268
0.0,0.0,5.141,29.8,1722030984273
0.0,0.0,5.141,29.8,1722030984337
0.0,0.0,5.141,29.8,1722030984342
0.0,0.0,5.141,29.8,1722030984345
0.0,0.0,5.12,29.8,1722030984411
0.0,0.0,5.12,29.8,1722030984418
0.0,0.0,5.12,29.8,1722030984420
0.0,0.0,5.099,29.8,1722030984484
0.0,0.0,5.099,29.8,1722030984489
0.0,0.0,5.099,29.8,1722030984491
0.0,0.0,5.078,29.8,1722030984555
0.0,0.0,5.078,29.8,1722030984559
0.0,0.0,5.078,29.8,1722030984562
0.0,0.0,5.089,29.8,1722030984618
0.0,0.0,5.089,29.8,1722030984634
0.0,0.0,5.089,29.8,1722030984637
0.0,0.0,5.099,29.8,1722030984699
0.0,0.0,5.099,29.8,1722030984708
0.0,0.0,5.099,29.8,1722030984714
0.0,0.0,5.089,29.8,1722030984754
35.16252136230469,139.61558532714844,5.089,29.8,1722030984754
0.0,0.0,5.089,29.8,1722030984757
0.0,0.0,5.089,29.8,1722030984760
0.0,0.0,5.089,29.8,1722030984835
0.0,0.0,5.089,29.8,1722030984840
0.0,0.0,5.089,29.8,1722030984843
0.0,0.0,5.109,29.8,1722030984907
0.0,0.0,5.109,29.8,1722030984912
0.0,0.0,5.109,29.8,1722030984916
0.0,0.0,5.099,29.8,1722030984967
0.0,0.0,5.099,29.8,1722030984972
0.0,0.0,5.099,29.8,1722030984974
0.0,0.0,5.099,29.8,1722030985035
0.0,0.0,5.099,29.8,1722030985037
0.0,0.0,5.099,29.8,1722030985039
0.0,0.0,5.089,29.8,1722030985105
0.0,0.0,5.089,29.8,1722030985107
0.0,0.0,5.089,29.8,1722030985111
0.0,0.0,5.089,29.8,1722030985183
0.0,0.0,5.089,29.8,1722030985186
0.0,0.0,5.089,29.8,1722030985193
0.0,0.0,5.089,29.8,1722030985249
0.0,0.0,5.089,29.8,1722030985253
0.0,0.0,5.089,29.8,1722030985254
0.0,0.0,5.078,29.8,1722030985318
0.0,0.0,5.078,29.8,1722030985321
0.0,0.0,5.078,29.8,1722030985325
0.0,0.0,5.068,29.8,1722030985392
0.0,0.0,5.068,29.8,1722030985395
0.0,0.0,5.068,29.8,1722030985398
0.0,0.0,5.047,29.8,1722030985455
0.0,0.0,5.047,29.8,1722030985458
0.0,0.0,5.047,29.8,1722030985461
0.0,0.0,5.026,29.8,1722030985527
0.0,0.0,5.026,29.8,1722030985540
0.0,0.0,5.026,29.8,1722030985544
0.0,0.0,5.036,29.8,1722030985598
0.0,0.0,5.036,29.8,1722030985600
0.0,0.0,5.036,29.8,1722030985602
0.0,0.0,5.026,29.8,1722030985670
0.0,0.0,5.026,29.8,1722030985677
0.0,0.0,5.026,29.8,1722030985679
0.0,0.0,5.026,29.8,1722030985739
35.162532806396484,139.6156005859375,5.026,29.8,1722030985739
0.0,0.0,5.026,29.8,1722030985742
0.0,0.0,5.026,29.8,1722030985745
0.0,0.0,5.026,29.8,1722030985812
0.0,0.0,5.026,29.8,1722030985816
0.0,0.0,5.026,29.8,1722030985819
0.0,0.0,5.036,29.8,1722030985875
0.0,0.0,5.036,29.8,1722030985881
0.0,0.0,5.036,29.8,1722030985885
0.0,0.0,5.057,29.8,1722030985951
0.0,0.0,5.057,29.8,1722030985953
0.0,0.0,5.057,29.8,1722030985956
0.0,0.0,5.068,29.8,1722030986022
0.0,0.0,5.068,29.8,1722030986025
0.0,0.0,5.068,29.8,1722030986029
0.0,0.0,5.068,29.8,1722030986100
0.0,0.0,5.068,29.8,1722030986106
0.0,0.0,5.068,29.8,1722030986113
0.0,0.0,5.089,29.8,1722030986154
0.0,0.0,5.089,29.8,1722030986157
0.0,0.0,5.089,29.8,1722030986159
0.0,0.0,5.12,29.8,1722030986233
0.0,0.0,5.12,29.8,1722030986239
0.0,0.0,5.12,29.8,1722030986241
0.0,0.0,5.151,29.8,1722030986309
0.0,0.0,5.151,29.8,1722030986314
0.0,0.0,5.151,29.8,1722030986321
0.0,0.0,5.141,29.8,1722030986385
0.0,0.0,5.141,29.8,1722030986387
0.0,0.0,5.141,29.8,1722030986391
0.0,0.0,5.161,29.8,1722030986438
0.0,0.0,5.161,29.8,1722030986440
0.0,0.0,5.161,29.8,1722030986455
0.0,0.0,5.172,29.8,1722030986512
0.0,0.0,5.172,29.8,1722030986514
0.0,0.0,5.172,29.8,1722030986518
0.0,0.0,5.161,29.8,1722030986580
0.0,0.0,5.161,29.8,1722030986583
0.0,0.0,5.161,29.8,1722030986588
0.0,0.0,5.151,29.8,1722030986658
0.0,0.0,5.151,29.8,1722030986661
0.0,0.0,5.151,29.8,1722030986666
0.0,0.0,5.151,29.6,1722030986717
0.0,0.0,5.151,29.6,1722030986724
0.0,0.0,5.151,29.6,1722030986727
35.16254806518555,139.6156005859375,5.151,29.6,1722030986727
0.0,0.0,5.141,29.6,1722030986793
0.0,0.0,5.141,29.6,1722030986801
0.0,0.0,5.141,29.6,1722030986806
0.0,0.0,5.141,29.6,1722030986879
0.0,0.0,5.141,29.6,1722030986883
0.0,0.0,5.141,29.6,1722030986886
0.0,0.0,5.151,29.6,1722030986951
0.0,0.0,5.151,29.6,1722030986957
0.0,0.0,5.151,29.6,1722030986960
0.0,0.0,5.141,29.6,1722030987005
0.0,0.0,5.141,29.6,1722030987013
0.0,0.0,5.141,29.6,1722030987016
0.0,0.0,5.13,29.6,1722030987071
0.0,0.0,5.13,29.6,1722030987074
0.0,0.0,5.13,29.6,1722030987075
0.0,0.0,5.13,29.6,1722030987136
0.0,0.0,5.13,29.6,1722030987139
0.0,0.0,5.13,29.6,1722030987141
0.0,0.0,5.13,29.6,1722030987238
0.0,0.0,5.13,29.6,1722030987241
0.0,0.0,5.13,29.6,1722030987244
0.0,0.0,5.109,29.6,1722030987283
0.0,0.0,5.109,29.6,1722030987285
0.0,0.0,5.109,29.6,1722030987289
0.0,0.0,5.12,29.6,1722030987347
0.0,0.0,5.12,29.6,1722030987350
0.0,0.0,5.12,29.6,1722030987364
0.0,0.0,5.12,29.6,1722030987423
0.0,0.0,5.12,29.6,1722030987424
0.0,0.0,5.12,29.6,1722030987426
0.0,0.0,5.12,29.6,1722030987487
0.0,0.0,5.12,29.6,1722030987488
0.0,0.0,5.12,29.6,1722030987493
0.0,0.0,5.099,29.6,1722030987565
0.0,0.0,5.099,29.6,1722030987568
0.0,0.0,5.099,29.6,1722030987571
0.0,0.0,5.109,29.6,1722030987629
0.0,0.0,5.109,29.6,1722030987634
0.0,0.0,5.109,29.6,1722030987636
0.0,0.0,5.109,29.6,1722030987700
0.0,0.0,5.109,29.6,1722030987704
0.0,0.0,5.109,29.6,1722030987708
35.162559509277344,139.61561584472656,5.109,29.6,1722030987708
0.0,0.0,5.109,29.6,1722030987768
0.0,0.0,5.109,29.6,1722030987771
0.0,0.0,5.109,29.6,1722030987792
0.0,0.0,5.109,29.6,1722030987845
0.0,0.0,5.109,29.6,1722030987850
0.0,0.0,5.109,29.6,1722030987854
0.0,0.0,5.13,29.6,1722030987907
0.0,0.0,5.13,29.6,1722030987910
0.0,0.0,5.13,29.6,1722030987911
0.0,0.0,5.151,29.6,1722030987976
0.0,0.0,5.151,29.6,1722030987980
0.0,0.0,5.151,29.6,1722030987982
0.0,0.0,5.161,29.6,1722030988047
0.0,0.0,5.161,29.6,1722030988048
0.0,0.0,5.161,29.6,1722030988052
0.0,0.0,5.182,29.6,1722030988117
0.0,0.0,5.182,29.6,1722030988123
0.0,0.0,5.182,29.6,1722030988130
0.0,0.0,5.182,29.6,1722030988187
0.0,0.0,5.182,29.6,1722030988188
0.0,0.0,5.182,29.6,1722030988194
0.0,0.0,5.182,29.6,1722030988256
0.0,0.0,5.182,29.6,1722030988259
0.0,0.0,5.182,29.6,1722030988274
0.0,0.0,5.182,29.6,1722030988333
0.0,0.0,5.182,29.6,1722030988336
0.0,0.0,5.182,29.6,1722030988339
0.0,0.0,5.203,29.6,1722030988405
0.0,0.0,5.203,29.6,1722030988411
0.0,0.0,5.203,29.6,1722030988416
0.0,0.0,5.203,29.6,1722030988469
0.0,0.0,5.203,29.6,1722030988471
0.0,0.0,5.203,29.6,1722030988474
0.0,0.0,5.203,29.6,1722030988542
0.0,0.0,5.203,29.6,1722030988545
0.0,0.0,5.203,29.6,1722030988548
0.0,0.0,5.213,29.6,1722030988617
0.0,0.0,5.213,29.6,1722030988620
0.0,0.0,5.213,29.6,1722030988624
0.0,0.0,5.234,29.6,1722030988676
0.0,0.0,5.234,29.6,1722030988678
0.0,0.0,5.234,29.6,1722030988681
0.0,0.0,5.224,29.6,1722030988746
35.162574768066406,139.61561584472656,5.224,29.6,1722030988746
0.0,0.0,5.224,29.6,1722030988749
0.0,0.0,5.224,29.6,1722030988752
0.0,0.0,5.234,29.6,1722030988816
0.0,0.0,5.234,29.6,1722030988820
0.0,0.0,5.234,29.6,1722030988822
0.0,0.0,5.234,29.6,1722030988887
0.0,0.0,5.234,29.6,1722030988890
0.0,0.0,5.234,29.6,1722030988895
0.0,0.0,5.245,29.6,1722030988954
0.0,0.0,5.245,29.6,1722030988956
0.0,0.0,5.245,29.6,1722030988959
0.0,0.0,5.245,29.6,1722030989029
0.0,0.0,5.245,29.6,1722030989034
0.0,0.0,5.245,29.6,1722030989042
0.0,0.0,5.255,29.6,1722030989100
0.0,0.0,5.255,29.6,1722030989103
0.0,0.0,5.255,29.6,1722030989105
0.0,0.0,5.265,29.6,1722030989169
0.0,0.0,5.265,29.6,1722030989176
0.0,0.0,5.265,29.6,1722030989179
0.0,0.0,5.255,29.6,1722030989240
0.0,0.0,5.255,29.6,1722030989244
0.0,0.0,5.255,29.6,1722030989247
0.0,0.0,5.276,29.6,1722030989310
0.0,0.0,5.276,29.6,1722030989312
0.0,0.0,5.276,29.6,1722030989315
0.0,0.0,5.297,29.6,1722030989380
0.0,0.0,5.297,29.6,1722030989382
0.0,0.0,5.297,29.6,1722030989384
0.0,0.0,5.307,29.6,1722030989453
0.0,0.0,5.307,29.6,1722030989457
0.0,0.0,5.307,29.6,1722030989460
0.0,0.0,5.297,29.6,1722030989521
0.0,0.0,5.297,29.6,1722030989524
0.0,0.0,5.297,29.6,1722030989526
0.0,0.0,5.286,29.6,1722030989588
0.0,0.0,5.286,29.6,1722030989593
0.0,0.0,5.286,29.6,1722030989597
0.0,0.0,5.265,29.6,1722030989660
0.0,0.0,5.265,29.6,1722030989662
0.0,0.0,5.265,29.6,1722030989665
0.0,0.0,5.255,29.6,1722030989731
35.1625862121582,139.61561584472656,5.255,29.6,1722030989731
0.0,0.0,5.255,29.6,1722030989745
0.0,0.0,5.255,29.6,1722030989747
0.0,0.0,5.255,29.6,1722030989798
0.0,0.0,5.255,29.6,1722030989802
0.0,0.0,5.255,29.6,1722030989805
0.0,0.0,5.234,29.6,1722030989873
0.0,0.0,5.234,29.6,1722030989879
0.0,0.0,5.234,29.6,1722030989881
0.0,0.0,5.234,29.6,1722030989951
0.0,0.0,5.234,29.6,1722030989954
0.0,0.0,5.234,29.6,1722030989958
0.0,0.0,5.224,29.6,1722030990021
0.0,0.0,5.224,29.6,1722030990024
0.0,0.0,5.224,29.6,1722030990026
0.0,0.0,5.245,29.6,1722030990076
0.0,0.0,5.245,29.6,1722030990078
0.0,0.0,5.245,29.6,1722030990079
0.0,0.0,5.203,29.6,1722030990150
0.0,0.0,5.203,29.6,1722030990158
0.0,0.0,5.203,29.6,1722030990161
0.0,0.0,5.193,29.6,1722030990224
0.0,0.0,5.193,29.6,1722030990228
0.0,0.0,5.193,29.6,1722030990230
0.0,0.0,5.213,29.6,1722030990288
0.0,0.0,5.213,29.6,1722030990289
0.0,0.0,5.213,29.6,1722030990292
0.0,0.0,5.203,29.6,1722030990367
0.0,0.0,5.203,29.6,1722030990371
0.0,0.0,5.203,29.6,1722030990373
0.0,0.0,5.213,29.6,1722030990429
0.0,0.0,5.213,29.6,1722030990433
0.0,0.0,5.213,29.6,1722030990437
0.0,0.0,5.265,29.6,1722030990502
0.0,0.0,5.265,29.6,1722030990503
0.0,0.0,5.265,29.6,1722030990506
0.0,0.0,5.297,29.6,1722030990595
0.0,0.0,5.297,29.6,1722030990600
0.0,0.0,5.297,29.6,1722030990605
0.0,0.0,5.328,29.6,1722030990669
0.0,0.0,5.328,29.6,1722030990671
0.0,0.0,5.328,29.6,1722030990674
0.0,0.0,5.37,29.6,1722030990708
0.0,0.0,5.37,29.6,1722030990712
0.0,0.0,5.37,29.6,1722030990716
35.162601470947266,139.61563110351562,5.37,29.6,1722030990716
0.0,0.0,5.38,29.6,1722030990779
0.0,0.0,5.38,29.6,1722030990782
0.0,0.0,5.38,29.6,1722030990784
0.0,0.0,5.401,29.6,1722030990849
0.0,0.0,5.401,29.6,1722030990851
0.0,0.0,5.401,29.6,1722030990854
0.0,0.0,5.411,29.6,1722030990926
0.0,0.0,5.411,29.6,1722030990928
0.0,0.0,5.411,29.6,1722030990933
0.0,0.0,5.442,29.6,1722030990990
0.0,0.0,5.442,29.6,1722030990992
0.0,0.0,5.442,29.6,1722030990996
0.0,0.0,5.463,29.6,1722030991059
0.0,0.0,5.463,29.6,1722030991065
0.0,0.0,5.463,29.6,1722030991070
0.0,0.0,5.453,29.6,1722030991130
0.0,0.0,5.453,29.6,1722030991132
0.0,0.0,5.453,29.6,1722030991136
0.0,0.0,5.463,29.6,1722030991202
0.0,0.0,5.463,29.6,1722030991208
0.0,0.0,5.463,29.6,1722030991212
0.0,0.0,5.463,29.6,1722030991269
0.0,0.0,5.463,29.6,1722030991272
0.0,0.0,5.463,29.6,1722030991275
0.0,0.0,5.442,29.6,1722030991356
0.0,0.0,5.442,29.6,1722030991360
0.0,0.0,5.442,29.6,1722030991362
0.0,0.0,5.432,29.6,1722030991433
0.0,0.0,5.432,29.6,1722030991442
0.0,0.0,5.432,29.6,1722030991444
0.0,0.0,5.401,29.6,1722030991482
0.0,0.0,5.401,29.6,1722030991486
0.0,0.0,5.401,29.6,1722030991490
0.0,0.0,5.39,29.6,1722030991552
0.0,0.0,5.39,29.6,1722030991555
0.0,0.0,5.39,29.6,1722030991558
0.0,0.0,5.38,29.6,1722030991628
0.0,0.0,5.38,29.6,1722030991630
0.0,0.0,5.38,29.6,1722030991634
0.0,0.0,5.38,29.6,1722030991691
0.0,0.0,5.38,29.6,1722030991695
0.0,0.0,5.38,29.6,1722030991697
35.16261291503906,139.61563110351562,5.38,29.6,1722030991697
0.0,0.0,5.38,29.6,1722030991769
0.0,0.0,5.38,29.6,1722030991772
0.0,0.0,5.38,29.6,1722030991775
0.0,0.0,5.39,29.6,1722030991829
0.0,0.0,5.39,29.6,1722030991832
0.0,0.0,5.39,29.6,1722030991840
0.0,0.0,5.39,29.6,1722030991908
0.0,0.0,5.39,29.6,1722030991913
0.0,0.0,5.39,29.6,1722030991915
0.0,0.0,5.401,29.6,1722030991971
0.0,0.0,5.401,29.6,1722030991974
0.0,0.0,5.401,29.6,1722030991978
0.0,0.0,5.432,29.6,1722030992064
0.0,0.0,5.432,29.6,1722030992066
0.0,0.0,5.432,29.6,1722030992068
0.0,0.0,5.453,29.6,1722030992144
0.0,0.0,5.453,29.6,1722030992152
0.0,0.0,5.453,29.6,1722030992157
0.0,0.0,5.453,29.6,1722030992178
0.0,0.0,5.453,29.6,1722030992181
0.0,0.0,5.453,29.6,1722030992182
0.0,0.0,5.484,29.6,1722030992250
0.0,0.0,5.484,29.6,1722030992252
0.0,0.0,5.484,29.6,1722030992257
0.0,0.0,5.505,29.6,1722030992320
0.0,0.0,5.505,29.6,1722030992323
0.0,0.0,5.505,29.6,1722030992325
0.0,0.0,5.536,29.6,1722030992392
0.0,0.0,5.536,29.6,1722030992395
0.0,0.0,5.536,29.6,1722030992398
0.0,0.0,5.536,29.6,1722030992460
0.0,0.0,5.536,29.6,1722030992462
0.0,0.0,5.536,29.6,1722030992469
0.0,0.0,5.567,29.6,1722030992533
0.0,0.0,5.567,29.6,1722030992536
0.0,0.0,5.567,29.6,1722030992540
0.0,0.0,5.578,29.6,1722030992605
0.0,0.0,5.578,29.6,1722030992608
0.0,0.0,5.578,29.6,1722030992611
0.0,0.0,5.588,29.6,1722030992691
0.0,0.0,5.588,29.6,1722030992698
0.0,0.0,5.588,29.6,1722030992701
0.0,0.0,5.598,29.6,1722030992740
0.0,0.0,5.598,29.6,1722030992744
0.0,0.0,5.598,29.6,1722030992748
35.16262435913086,139.61563110351562,5.598,29.6,1722030992748
0.0,0.0,5.609,29.6,1722030992810
0.0,0.0,5.609,29.6,1722030992813
0.0,0.0,5.609,29.6,1722030992818
0.0,0.0,5.609,29.6,1722030992884
0.0,0.0,5.609,29.6,1722030992893
0.0,0.0,5.609,29.6,1722030992897
0.0,0.0,5.598,29.6,1722030992955
0.0,0.0,5.598,29.6,1722030992957
0.0,0.0,5.598,29.6,1722030992960
0.0,0.0,5.609,29.6,1722030993020
0.0,0.0,5.609,29.6,1722030993022
0.0,0.0,5.609,29.6,1722030993025
0.0,0.0,5.598,29.6,1722030993091
0.0,0.0,5.598,29.6,1722030993094
0.0,0.0,5.598,29.6,1722030993098
0.0,0.0,5.588,29.6,1722030993160
0.0,0.0,5.588,29.6,1722030993167
0.0,0.0,5.588,29.6,1722030993177
0.0,0.0,5.578,29.6,1722030993235
0.0,0.0,5.578,29.6,1722030993239
0.0,0.0,5.578,29.6,1722030993244
0.0,0.0,5.567,29.6,1722030993303
0.0,0.0,5.567,29.6,1722030993308
0.0,0.0,5.567,29.6,1722030993310
0.0,0.0,5.578,29.6,1722030993369
0.0,0.0,5.578,29.6,1722030993372
0.0,0.0,5.578,29.6,1722030993375
0.0,0.0,5.567,29.6,1722030993439
0.0,0.0,5.567,29.6,1722030993443
0.0,0.0,5.567,29.6,1722030993446
0.0,0.0,5.588,29.6,1722030993519
0.0,0.0,5.588,29.6,1722030993522
0.0,0.0,5.588,29.6,1722030993524
0.0,0.0,5.578,29.6,1722030993584
0.0,0.0,5.578,29.6,1722030993587
0.0,0.0,5.578,29.6,1722030993589
0.0,0.0,5.588,29.6,1722030993655
0.0,0.0,5.588,29.6,1722030993657
0.0,0.0,5.588,29.6,1722030993663
0.0,0.0,5.598,29.6,1722030993719
0.0,0.0,5.598,29.6,1722030993721
0.0,0.0,5.598,29.6,1722030993724
35.16263198852539,139.6156463623047,5.598,29.6,1722030993724
0.0,0.0,5.598,29.6,1722030993792
0.0,0.0,5.598,29.6,1722030993796
0.0,0.0,5.598,29.6,1722030993805
0.0,0.0,5.588,29.6,1722030993858
0.0,0.0,5.588,29.6,1722030993861
0.0,0.0,5.588,29.6,1722030993864
0.0,0.0,5.598,29.6,1722030993937
0.0,0.0,5.598,29.6,1722030993939
0.0,0.0,5.598,29.6,1722030993943
0.0,0.0,5.609,29.6,1722030994006
0.0,0.0,5.609,29.6,1722030994009
0.0,0.0,5.609,29.6,1722030994012
0.0,0.0,5.63,29.6,1722030994077
0.0,0.0,5.63,29.6,1722030994079
0.0,0.0,5.63,29.6,1722030994083
0.0,0.0,5.63,29.6,1722030994137
0.0,0.0,5.63,29.6,1722030994139
0.0,0.0,5.63,29.6,1722030994142
0.0,0.0,5.63,29.6,1722030994209
0.0,0.0,5.63,29.6,1722030994211
0.0,0.0,5.63,29.6,1722030994213
0.0,0.0,5.64,29.6,1722030994288
0.0,0.0,5.64,29.6,1722030994293
0.0,0.0,5.64,29.6,1722030994295
0.0,0.0,5.619,29.6,1722030994355
0.0,0.0,5.619,29.6,1722030994358
0.0,0.0,5.619,29.6,1722030994362
0.0,0.0,5.63,29.6,1722030994426
0.0,0.0,5.63,29.6,1722030994433
0.0,0.0,5.63,29.6,1722030994441
0.0,0.0,5.619,29.6,1722030994496
0.0,0.0,5.619,29.6,1722030994499
0.0,0.0,5.619,29.6,1722030994503
0.0,0.0,5.64,29.6,1722030994566
0.0,0.0,5.64,29.6,1722030994570
0.0,0.0,5.64,29.6,1722030994575
0.0,0.0,5.64,29.6,1722030994631
0.0,0.0,5.64,29.6,1722030994636
0.0,0.0,5.64,29.6,1722030994638
0.0,0.0,5.64,29.6,1722030994698
0.0,0.0,5.64,29.6,1722030994700
0.0,0.0,5.64,29.6,1722030994711
0.0,0.0,5.63,29.6,1722030994771
0.0,0.0,5.63,29.6,1722030994777
0.0,0.0,5.63,29.6,1722030994781
0.0,0.0,5.64,29.6,1722030994845
0.0,0.0,5.64,29.6,1722030994850
0.0,0.0,5.64,29.6,1722030994852
0.0,0.0,5.64,29.6,1722030994935
0.0,0.0,5.64,29.6,1722030994939
0.0,0.0,5.64,29.6,1722030994941
0.0,0.0,5.651,29.6,1722030994978
0.0,0.0,5.651,29.6,1722030994981
0.0,0.0,5.651,29.6,1722030994984
0.0,0.0,5.671,29.6,1722030995052
0.0,0.0,5.671,29.6,1722030995054
0.0,0.0,5.671,29.6,1722030995059
0.0,0.0,5.692,29.6,1722030995118
0.0,0.0,5.692,29.6,1722030995120
0.0,0.0,5.692,29.6,1722030995122
0.0,0.0,5.723,29.6,1722030995201
0.0,0.0,5.723,29.6,1722030995204
0.0,0.0,5.723,29.6,1722030995206
0.0,0.0,5.734,29.6,1722030995262
0.0,0.0,5.734,29.6,1722030995266
0.0,0.0,5.734,29.6,1722030995272
0.0,0.0,5.744,29.6,1722030995332
0.0,0.0,5.744,29.6,1722030995333
0.0,0.0,5.744,29.6,1722030995336
0.0,0.0,5.744,29.6,1722030995405
0.0,0.0,5.744,29.6,1722030995408
0.0,0.0,5.744,29.6,1722030995415
0.0,0.0,5.775,29.6,1722030995484
0.0,0.0,5.775,29.6,1722030995486
0.0,0.0,5.775,29.6,1722030995491
0.0,0.0,5.786,29.6,1722030995549
0.0,0.0,5.786,29.6,1722030995552
0.0,0.0,5.786,29.6,1722030995554
0.0,0.0,5.807,29.6,1722030995612
0.0,0.0,5.807,29.6,1722030995614
0.0,0.0,5.807,29.6,1722030995617
0.0,0.0,5.817,29.6,1722030995699
0.0,0.0,5.817,29.6,1722030995713
0.0,0.0,5.817,29.6,1722030995717
35.16265106201172,139.6156463623047,5.817,29.6,1722030995717
0.0,0.0,5.796,29.6,1722030995751
0.0,0.0,5.796,29.6,1722030995753
0.0,0.0,5.796,29.6,1722030995756
0.0,0.0,5.786,29.6,1722030995823
0.0,0.0,5.786,29.6,1722030995826
0.0,0.0,5.786,29.6,1722030995829
0.0,0.0,5.796,29.6,1722030995896
0.0,0.0,5.796,29.6,1722030995903
0.0,0.0,5.796,29.6,1722030995905
0.0,0.0,5.786,29.6,1722030995962
0.0,0.0,5.786,29.6,1722030995963
0.0,0.0,5.786,29.6,1722030995965
0.0,0.0,5.775,29.6,1722030996034
0.0,0.0,5.775,29.6,1722030996036
0.0,0.0,5.775,29.6,1722030996039
0.0,0.0,5.775,29.6,1722030996105
0.0,0.0,5.775,29.6,1722030996109
0.0,0.0,5.775,29.6,1722030996110
0.0,0.0,5.765,29.6,1722030996182
0.0,0.0,5.765,29.6,1722030996186
0.0,0.0,5.765,29.6,1722030996188
0.0,0.0,5.765,29.6,1722030996247
0.0,0.0,5.765,29.6,1722030996251
0.0,0.0,5.765,29.6,1722030996253
0.0,0.0,5.755,29.6,1722030996320
0.0,0.0,5.755,29.6,1722030996323
0.0,0.0,5.755,29.6,1722030996325
0.0,0.0,5.755,29.6,1722030996387
0.0,0.0,5.755,29.6,1722030996390
0.0,0.0,5.755,29.6,1722030996395
0.0,0.0,5.734,29.6,1722030996469
0.0,0.0,5.734,29.6,1722030996471
0.0,0.0,5.734,29.6,1722030996472
0.0,0.0,5.744,29.6,1722030996536
0.0,0.0,5.744,29.6,1722030996539
0.0,0.0,5.744,29.6,1722030996542
0.0,0.0,5.755,29.6,1722030996591
0.0,0.0,5.755,29.6,1722030996593
0.0,0.0,5.755,29.6,1722030996606
0.0,0.0,5.775,29.6,1722030996670
0.0,0.0,5.775,29.6,1722030996674
0.0,0.0,5.775,29.6,1722030996678
0.0,0.0,5.775,29.6,1722030996734
0.0,0.0,5.775,29.6,1722030996749
0.0,0.0,5.775,29.6,1722030996752
0.0,0.0,5.775,29.6,1722030996801
0.0,0.0,5.775,29.6,1722030996805
0.0,0.0,5.775,29.6,1722030996808
0.0,0.0,5.786,29.6,1722030996881
0.0,0.0,5.786,29.6,1722030996888
0.0,0.0,5.786,29.6,1722030996890
0.0,0.0,5.786,29.6,1722030996948
0.0,0.0,5.786,29.6,1722030996950
0.0,0.0,5.786,29.6,1722030996954
0.0,0.0,5.786,29.6,1722030997014
0.0,0.0,5.786,29.6,1722030997017
0.0,0.0,5.786,29.6,1722030997019
0.0,0.0,5.796,29.6,1722030997083
0.0,0.0,5.796,29.6,1722030997087
0.0,0.0,5.796,29.6,1722030997089
0.0,0.0,5.796,29.6,1722030997154
0.0,0.0,5.796,29.6,1722030997157
0.0,0.0,5.796,29.6,1722030997158
0.0,0.0,5.786,29.6,1722030997222
0.0,0.0,5.786,29.6,1722030997226
0.0,0.0,5.786,29.6,1722030997229
0.0,0.0,5.796,29.6,1722030997294
0.0,0.0,5.796,29.6,1722030997297
0.0,0.0,5.796,29.6,1722030997300
0.0,0.0,5.775,29.6,1722030997365
0.0,0.0,5.775,29.6,1722030997370
0.0,0.0,5.775,29.6,1722030997375
0.0,0.0,5.786,29.6,1722030997435
0.0,0.0,5.786,29.6,1722030997441
0.0,0.0,5.786,29.6,1722030997444
0.0,0.0,5.775,29.6,1722030997503
0.0,0.0,5.775,29.6,1722030997519
0.0,0.0,5.775,29.6,1722030997522
0.0,0.0,5.786,29.6,1722030997576
0.0,0.0,5.786,29.6,1722030997579
0.0,0.0,5.786,29.6,1722030997582
0.0,0.0,5.775,29.6,1722030997645
0.0,0.0,5.775,29.6,1722030997648
0.0,0.0,5.775,29.6,1722030997651
0.0,0.0,5.775,29.6,1722030997722
0.0,0.0,5.775,29.6,1722030997725
0.0,0.0,5.775,29.6,1722030997728
0.0,0.0,5.786,29.6,1722030997791
35.16267013549805,139.6156463623047,5.786,29.6,1722030997791
0.0,0.0,5.786,29.6,1722030997797
0.0,0.0,5.786,29.6,1722030997801
0.0,0.0,5.796,29.6,1722030997853
0.0,0.0,5.796,29.6,1722030997856
0.0,0.0,5.796,29.6,1722030997859
0.0,0.0,5.786,29.6,1722030997926
0.0,0.0,5.786,29.6,1722030997929
0.0,0.0,5.786,29.6,1722030997933
0.0,0.0,5.765,29.6,1722030997994
0.0,0.0,5.765,29.6,1722030997997
0.0,0.0,5.765,29.6,1722030998000
0.0,0.0,5.775,29.6,1722030998069
0.0,0.0,5.775,29.6,1722030998075
0.0,0.0,5.775,29.6,1722030998080
0.0,0.0,5.755,29.6,1722030998132
0.0,0.0,5.755,29.6,1722030998136
0.0,0.0,5.755,29.6,1722030998138
0.0,0.0,5.765,29.6,1722030998203
0.0,0.0,5.765,29.6,1722030998206
0.0,0.0,5.765,29.6,1722030998209
0.0,0.0,5.755,29.6,1722030998274
0.0,0.0,5.755,29.6,1722030998279
0.0,0.0,5.755,29.6,1722030998282
0.0,0.0,5.755,29.6,1722030998347
0.0,0.0,5.755,29.6,1722030998350
0.0,0.0,5.755,29.6,1722030998352
0.0,0.0,5.765,29.6,1722030998414
0.0,0.0,5.765,29.6,1722030998416
0.0,0.0,5.765,29.6,1722030998431
0.0,0.0,5.775,29.6,1722030998487
0.0,0.0,5.775,29.6,1722030998490
0.0,0.0,5.775,29.6,1722030998493
0.0,0.0,5.755,29.6,1722030998558
0.0,0.0,5.755,29.6,1722030998561
0.0,0.0,5.755,29.6,1722030998564
0.0,0.0,5.723,29.6,1722030998650
0.0,0.0,5.723,29.6,1722030998652
0.0,0.0,5.723,29.6,1722030998654
0.0,0.0,5.734,29.4,1722030998763
35.162681579589844,139.61566162109375,5.734,29.4,1722030998763
0.0,0.0,5.734,29.4,1722030998765
0.0,0.0,5.734,29.4,1722030998767
0.0,0.0,5.723,29.4,1722030998833
0.0,0.0,5.723,29.4,1722030998838
0.0,0.0,5.723,29.4,1722030998843
0.0,0.0,5.734,29.4,1722030998903
0.0,0.0,5.734,29.4,1722030998904
0.0,0.0,5.734,29.4,1722030998907
0.0,0.0,5.723,29.4,1722030998975
0.0,0.0,5.723,29.4,1722030998980
0.0,0.0,5.723,29.4,1722030998983
0.0,0.0,5.744,29.4,1722030999048
0.0,0.0,5.744,29.4,1722030999052
0.0,0.0,5.744,29.4,1722030999055
0.0,0.0,5.744,29.4,1722030999113
0.0,0.0,5.744,29.4,1722030999116
0.0,0.0,5.744,29.4,1722030999120
0.0,0.0,5.765,29.4,1722030999185
0.0,0.0,5.765,29.4,1722030999188
0.0,0.0,5.765,29.4,1722030999194
0.0,0.0,5.775,29.4,1722030999255
0.0,0.0,5.775,29.4,1722030999257
0.0,0.0,5.775,29.4,1722030999260
0.0,0.0,5.796,29.4,1722030999334
0.0,0.0,5.796,29.4,1722030999337
0.0,0.0,5.796,29.4,1722030999342
0.0,0.0,5.796,29.4,1722030999412
0.0,0.0,5.796,29.4,1722030999424
0.0,0.0,5.796,29.4,1722030999429
0.0,0.0,5.827,29.4,1722030999463
0.0,0.0,5.827,29.4,1722030999467
0.0,0.0,5.827,29.4,1722030999472
0.0,0.0,5.827,29.4,1722030999535
0.0,0.0,5.827,29.4,1722030999539
0.0,0.0,5.827,29.4,1722030999541
0.0,0.0,5.838,29.4,1722030999610
0.0,0.0,5.838,29.4,1722030999612
0.0,0.0,5.838,29.4,1722030999617
0.0,0.0,5.848,29.4,1722030999673
0.0,0.0,5.848,29.4,1722030999678
0.0,0.0,5.848,29.4,1722030999680
0.0,0.0,5.859,29.4,1722030999744
35.16269302368164,139.61566162109375,5.859,29.4,1722030999744
0.0,0.0,5.859,29.4,1722030999748
0.0,0.0,5.859,29.4,1722030999767
0.0,0.0,5.869,29.4,1722030999814
0.0,0.0,5.869,29.4,1722030999818
0.0,0.0,5.869,29.4,1722030999820
0.0,0.0,5.869,29.4,1722030999884
0.0,0.0,5.869,29.4,1722030999887
0.0,0.0,5.869,29.4,1722030999889
0.0,0.0,5.859,29.4,1722030999960
0.0,0.0,5.859,29.4,1722030999964
0.0,0.0,5.859,29.4,1722030999966
0.0,0.0,5.848,29.4,1722031000024
0.0,0.0,5.848,29.4,1722031000026
0.0,0.0,5.848,29.4,1722031000029
0.0,0.0,5.827,29.4,1722031000093
0.0,0.0,5.827,29.4,1722031000096
0.0,0.0,5.827,29.4,1722031000099
0.0,0.0,5.775,29.4,1722031000163
0.0,0.0,5.775,29.4,1722031000165
0.0,0.0,5.775,29.4,1722031000169
0.0,0.0,5.765,29.4,1722031000232
0.0,0.0,5.765,29.4,1722031000233
0.0,0.0,5.765,29.4,1722031000238
0.0,0.0,5.744,29.4,1722031000347
0.0,0.0,5.744,29.4,1722031000368
0.0,0.0,5.744,29.4,1722031000377
0.0,0.0,5.734,29.4,1722031000379
0.0,0.0,5.734,29.4,1722031000383
0.0,0.0,5.734,29.4,1722031000385
0.0,0.0,5.734,29.4,1722031000442
0.0,0.0,5.734,29.4,1722031000448
0.0,0.0,5.734,29.4,1722031000451
0.0,0.0,5.734,29.4,1722031000512
0.0,0.0,5.734,29.4,1722031000516
0.0,0.0,5.734,29.4,1722031000524
0.0,0.0,5.713,29.4,1722031000592
0.0,0.0,5.713,29.4,1722031000597
0.0,0.0,5.713,29.4,1722031000599
0.0,0.0,5.703,29.4,1722031000659
0.0,0.0,5.703,29.4,1722031000662
0.0,0.0,5.703,29.4,1722031000667
0.0,0.0,5.703,29.4,1722031000722
0.0,0.0,5.703,29.4,1722031000724
0.0,0.0,5.703,29.4,1722031000729
35.16270446777344,139.61566162109375,5.703,29.4,1722031000729
0.0,0.0,5.723,29.4,1722031000823
0.0,0.0,5.723,29.4,1722031000826
0.0,0.0,5.723,29.4,1722031000830
0.0,0.0,5.723,29.4,1722031000863
0.0,0.0,5.723,29.4,1722031000865
0.0,0.0,5.723,29.4,1722031000867
0.0,0.0,5.755,29.4,1722031000931
0.0,0.0,5.755,29.4,1722031000935
0.0,0.0,5.755,29.4,1722031000938
0.0,0.0,5.796,29.4,1722031001001
0.0,0.0,5.796,29.4,1722031001004
0.0,0.0,5.796,29.4,1722031001007
0.0,0.0,5.817,29.4,1722031001071
0.0,0.0,5.817,29.4,1722031001077
0.0,0.0,5.817,29.4,1722031001080
0.0,0.0,5.827,29.4,1722031001152
0.0,0.0,5.827,29.4,1722031001153
0.0,0.0,5.827,29.4,1722031001166
0.0,0.0,5.838,29.4,1722031001213
0.0,0.0,5.838,29.4,1722031001216
0.0,0.0,5.838,29.4,1722031001220
0.0,0.0,5.848,29.4,1722031001285
0.0,0.0,5.848,29.4,1722031001288
0.0,0.0,5.848,29.4,1722031001291
0.0,0.0,5.838,29.4,1722031001352
0.0,0.0,5.838,29.4,1722031001354
0.0,0.0,5.838,29.4,1722031001359
0.0,0.0,5.838,29.4,1722031001422
0.0,0.0,5.838,29.4,1722031001426
0.0,0.0,5.838,29.4,1722031001432
0.0,0.0,5.838,29.4,1722031001494
0.0,0.0,5.838,29.4,1722031001498
0.0,0.0,5.838,29.4,1722031001500
0.0,0.0,5.838,29.4,1722031001573
0.0,0.0,5.838,29.4,1722031001576
0.0,0.0,5.838,29.4,1722031001579
0.0,0.0,5.848,29.4,1722031001652
0.0,0.0,5.848,29.4,1722031001655
0.0,0.0,5.848,29.4,1722031001659
0.0,0.0,5.869,29.4,1722031001707
0.0,0.0,5.869,29.4,1722031001709
0.0,0.0,5.869,29.4,1722031001714
35.1627197265625,139.61566162109375,5.869,29.4,1722031001714
0.0,0.0,5.859,29.4,1722031001772
0.0,0.0,5.859,29.4,1722031001776
0.0,0.0,5.859,29.4,1722031001778
0.0,0.0,5.859,29.4,1722031001844
0.0,0.0,5.859,29.4,1722031001848
0.0,0.0,5.859,29.4,1722031001851
0.0,0.0,5.848,29.4,1722031001914
0.0,0.0,5.848,29.4,1722031001917
0.0,0.0,5.848,29.4,1722031001923
0.0,0.0,5.859,29.4,1722031001980
0.0,0.0,5.859,29.4,1722031001983
0.0,0.0,5.859,29.4,1722031001985
0.0,0.0,5.859,29.4,1722031002057
0.0,0.0,5.859,29.4,1722031002060
0.0,0.0,5.859,29.4,1722031002077
0.0,0.0,5.859,29.4,1722031002121
0.0,0.0,5.859,29.4,1722031002123
0.0,0.0,5.859,29.4,1722031002125
0.0,0.0,5.89,29.4,1722031002195
0.0,0.0,5.89,29.4,1722031002197
0.0,0.0,5.89,29.4,1722031002201
0.0,0.0,5.89,29.4,1722031002262
0.0,0.0,5.89,29.4,1722031002264
0.0,0.0,5.89,29.4,1722031002267
0.0,0.0,5.879,29.4,1722031002329
0.0,0.0,5.879,29.4,1722031002332
0.0,0.0,5.879,29.4,1722031002334
0.0,0.0,5.9,29.4,1722031002405
0.0,0.0,5.9,29.4,1722031002409
0.0,0.0,5.9,29.4,1722031002412
0.0,0.0,5.89,29.4,1722031002472
0.0,0.0,5.89,29.4,1722031002474
0.0,0.0,5.89,29.4,1722031002478
0.0,0.0,5.921,29.4,1722031002543
0.0,0.0,5.921,29.4,1722031002545
0.0,0.0,5.921,29.4,1722031002548
0.0,0.0,5.931,29.4,1722031002615
0.0,0.0,5.931,29.4,1722031002618
0.0,0.0,5.931,29.4,1722031002621
0.0,0.0,5.931,29.4,1722031002683
0.0,0.0,5.931,29.4,1722031002688
0.0,0.0,5.931,29.4,1722031002690
0.0,0.0,5.963,29.4,1722031002756
35.1627311706543,139.6156768798828,5.963,29.4,1722031002756
0.0,0.0,5.963,29.4,1722031002759
0.0,0.0,5.963,29.4,1722031002761
0.0,0.0,5.963,29.4,1722031002826
0.0,0.0,5.963,29.4,1722031002827
0.0,0.0,5.963,29.4,1722031002830
0.0,0.0,5.952,29.4,1722031002893
0.0,0.0,5.952,29.4,1722031002897
0.0,0.0,5.952,29.4,1722031002902
0.0,0.0,5.952,29.4,1722031002980
0.0,0.0,5.952,29.4,1722031002984
0.0,0.0,5.952,29.4,1722031003000
0.0,0.0,5.952,29.4,1722031003059
0.0,0.0,5.952,29.4,1722031003061
0.0,0.0,5.952,29.4,1722031003064
0.0,0.0,5.973,29.4,1722031003102
0.0,0.0,5.973,29.4,1722031003108
0.0,0.0,5.973,29.4,1722031003111
0.0,0.0,5.994,29.4,1722031003173
0.0,0.0,5.994,29.4,1722031003176
0.0,0.0,5.994,29.4,1722031003180
0.0,0.0,5.973,29.4,1722031003241
0.0,0.0,5.973,29.4,1722031003244
0.0,0.0,5.973,29.4,1722031003245
0.0,0.0,5.973,29.4,1722031003319
0.0,0.0,5.973,29.4,1722031003321
0.0,0.0,5.973,29.4,1722031003324
0.0,0.0,5.952,29.4,1722031003383
0.0,0.0,5.952,29.4,1722031003385
0.0,0.0,5.952,29.4,1722031003387
0.0,0.0,5.952,29.4,1722031003455
0.0,0.0,5.952,29.4,1722031003461
0.0,0.0,5.952,29.4,1722031003465
0.0,0.0,5.952,29.4,1722031003524
0.0,0.0,5.952,29.4,1722031003525
0.0,0.0,5.952,29.4,1722031003533
0.0,0.0,5.942,29.4,1722031003597
0.0,0.0,5.942,29.4,1722031003600
0.0,0.0,5.942,29.4,1722031003603
0.0,0.0,5.963,29.4,1722031003695
0.0,0.0,5.963,29.4,1722031003699
0.0,0.0,5.963,29.4,1722031003703
0.0,0.0,5.973,29.4,1722031003778
35.162742614746094,139.6156768798828,5.973,29.4,1722031003778
0.0,0.0,5.973,29.4,1722031003783
0.0,0.0,5.973,29.4,1722031003787
0.0,0.0,5.994,29.4,1722031003802
0.0,0.0,5.994,29.4,1722031003804
0.0,0.0,5.994,29.4,1722031003806
0.0,0.0,5.994,29.4,1722031003875
0.0,0.0,5.994,29.4,1722031003878
0.0,0.0,5.994,29.4,1722031003893
0.0,0.0,5.984,29.4,1722031003945
0.0,0.0,5.984,29.4,1722031003946
0.0,0.0,5.984,29.4,1722031003948
0.0,0.0,5.973,29.4,1722031004011
0.0,0.0,5.973,29.4,1722031004014
0.0,0.0,5.973,29.4,1722031004017
0.0,0.0,5.994,29.4,1722031004083
0.0,0.0,5.994,29.4,1722031004087
0.0,0.0,5.994,29.4,1722031004092
0.0,0.0,6.015,29.4,1722031004158
0.0,0.0,6.015,29.4,1722031004161
0.0,0.0,6.015,29.4,1722031004165
0.0,0.0,6.046,29.4,1722031004227
0.0,0.0,6.046,29.4,1722031004230
0.0,0.0,6.046,29.4,1722031004233
0.0,0.0,6.056,29.4,1722031004294
0.0,0.0,6.056,29.4,1722031004296
0.0,0.0,6.056,29.4,1722031004299
0.0,0.0,6.067,29.4,1722031004436
0.0,0.0,6.067,29.4,1722031004438
0.0,0.0,6.067,29.4,1722031004441
0.0,0.0,6.088,29.4,1722031004507
0.0,0.0,6.088,29.4,1722031004511
0.0,0.0,6.088,29.4,1722031004513
0.0,0.0,6.088,29.4,1722031004574
0.0,0.0,6.088,29.4,1722031004577
0.0,0.0,6.088,29.4,1722031004579
0.0,0.0,6.077,29.4,1722031004643
0.0,0.0,6.077,29.4,1722031004645
0.0,0.0,6.077,29.4,1722031004650
0.0,0.0,6.098,29.4,1722031004714
0.0,0.0,6.098,29.4,1722031004717
0.0,0.0,6.098,29.4,1722031004720
35.16275405883789,139.6156768798828,6.098,29.4,1722031004720
0.0,0.0,6.098,29.4,1722031004785
0.0,0.0,6.098,29.4,1722031004792
0.0,0.0,6.098,29.4,1722031004794
0.0,0.0,6.098,29.4,1722031004857
0.0,0.0,6.098,29.4,1722031004859
0.0,0.0,6.098,29.4,1722031004872
0.0,0.0,6.098,29.4,1722031004927
0.0,0.0,6.098,29.4,1722031004930
0.0,0.0,6.098,29.4,1722031004937
0.0,0.0,6.108,29.4,1722031005004
0.0,0.0,6.108,29.4,1722031005010
0.0,0.0,6.108,29.4,1722031005013
0.0,0.0,6.077,29.4,1722031005067
0.0,0.0,6.077,29.4,1722031005069
0.0,0.0,6.077,29.4,1722031005071
0.0,0.0,6.088,29.4,1722031005138
0.0,0.0,6.088,29.4,1722031005141
0.0,0.0,6.088,29.4,1722031005143
0.0,0.0,6.088,29.4,1722031005207
0.0,0.0,6.088,29.4,1722031005210
0.0,0.0,6.088,29.4,1722031005214
0.0,0.0,6.077,29.4,1722031005282
0.0,0.0,6.077,29.4,1722031005284
0.0,0.0,6.077,29.4,1722031005286
0.0,0.0,6.077,29.4,1722031005358
0.0,0.0,6.077,29.4,1722031005360
0.0,0.0,6.077,29.4,1722031005361
0.0,0.0,6.077,29.4,1722031005417
0.0,0.0,6.077,29.4,1722031005420
0.0,0.0,6.077,29.4,1722031005423
0.0,0.0,6.077,29.4,1722031005490
0.0,0.0,6.077,29.4,1722031005493
0.0,0.0,6.077,29.4,1722031005500
0.0,0.0,6.056,29.4,1722031005559
0.0,0.0,6.056,29.4,1722031005564
0.0,0.0,6.056,29.4,1722031005568
0.0,0.0,6.067,29.4,1722031005629
0.0,0.0,6.067,29.4,1722031005632
0.0,0.0,6.067,29.4,1722031005634
0.0,0.0,6.077,29.4,1722031005696
0.0,0.0,6.077,29.4,1722031005699
0.0,0.0,6.077,29.4,1722031005702
0.0,0.0,6.088,29.4,1722031005771
35.16276550292969,139.61569213867188,6.088,29.4,1722031005771
0.0,0.0,6.088,29.4,1722031005777
0.0,0.0,6.088,29.4,1722031005781
0.0,0.0,6.098,29.4,1722031005867
0.0,0.0,6.098,29.4,1722031005872
0.0,0.0,6.098,29.4,1722031005877
0.0,0.0,6.129,29.4,1722031005907
0.0,0.0,6.129,29.4,1722031005909
0.0,0.0,6.129,29.4,1722031005912
0.0,0.0,6.108,29.4,1722031005976
0.0,0.0,6.108,29.4,1722031005979
0.0,0.0,6.108,29.4,1722031005982
0.0,0.0,6.129,29.4,1722031006046
0.0,0.0,6.129,29.4,1722031006050
0.0,0.0,6.129,29.4,1722031006054
0.0,0.0,6.14,29.4,1722031006118
0.0,0.0,6.14,29.4,1722031006121
0.0,0.0,6.14,29.4,1722031006125
0.0,0.0,6.14,29.4,1722031006210
0.0,0.0,6.14,29.4,1722031006213
0.0,0.0,6.14,29.4,1722031006215
0.0,0.0,6.15,29.4,1722031006253
0.0,0.0,6.15,29.4,1722031006257
0.0,0.0,6.15,29.4,1722031006262
0.0,0.0,6.171,29.4,1722031006323
0.0,0.0,6.171,29.4,1722031006326
0.0,0.0,6.171,29.4,1722031006330
0.0,0.0,6.202,29.4,1722031006392
0.0,0.0,6.202,29.4,1722031006394
0.0,0.0,6.202,29.4,1722031006397
0.0,0.0,6.202,29.4,1722031006473
0.0,0.0,6.202,29.4,1722031006478
0.0,0.0,6.202,29.4,1722031006480
0.0,0.0,6.212,29.4,1722031006535
0.0,0.0,6.212,29.4,1722031006538
0.0,0.0,6.212,29.4,1722031006541
0.0,0.0,6.212,29.4,1722031006606
0.0,0.0,6.212,29.4,1722031006610
0.0,0.0,6.212,29.4,1722031006612
0.0,0.0,6.223,29.4,1722031006697
0.0,0.0,6.223,29.4,1722031006703
0.0,0.0,6.223,29.4,1722031006705
0.0,0.0,6.212,29.4,1722031006770
35.16277313232422,139.61569213867188,6.212,29.4,1722031006770
0.0,0.0,6.212,29.4,1722031006773
0.0,0.0,6.212,29.4,1722031006782
0.0,0.0,6.223,29.4,1722031006815
0.0,0.0,6.223,29.4,1722031006817
0.0,0.0,6.223,29.4,1722031006823
0.0,0.0,6.254,29.4,1722031006887
0.0,0.0,6.254,29.4,1722031006892
0.0,0.0,6.254,29.4,1722031006894
0.0,0.0,6.275,29.4,1722031006963
0.0,0.0,6.275,29.4,1722031006970
0.0,0.0,6.275,29.4,1722031006973
0.0,0.0,6.296,29.4,1722031007024
0.0,0.0,6.296,29.4,1722031007027
0.0,0.0,6.296,29.4,1722031007033
0.0,0.0,6.317,29.4,1722031007094
0.0,0.0,6.317,29.4,1722031007097
0.0,0.0,6.317,29.4,1722031007100
0.0,0.0,6.327,29.4,1722031007164
0.0,0.0,6.327,29.4,1722031007166
0.0,0.0,6.327,29.4,1722031007169
0.0,0.0,6.327,29.4,1722031007233
0.0,0.0,6.327,29.4,1722031007237
0.0,0.0,6.327,29.4,1722031007240
0.0,0.0,6.337,29.4,1722031007307
0.0,0.0,6.337,29.4,1722031007309
0.0,0.0,6.337,29.4,1722031007311
0.0,0.0,6.348,29.4,1722031007398
0.0,0.0,6.348,29.4,1722031007401
0.0,0.0,6.348,29.4,1722031007404
0.0,0.0,6.369,29.4,1722031007479
0.0,0.0,6.369,29.4,1722031007483
0.0,0.0,6.369,29.4,1722031007486
0.0,0.0,6.369,29.4,1722031007519
0.0,0.0,6.369,29.4,1722031007522
0.0,0.0,6.369,29.4,1722031007525
0.0,0.0,6.389,29.4,1722031007582
0.0,0.0,6.389,29.4,1722031007587
0.0,0.0,6.389,29.4,1722031007590
0.0,0.0,6.369,29.4,1722031007656
0.0,0.0,6.369,29.4,1722031007660
0.0,0.0,6.369,29.4,1722031007663
0.0,0.0,6.358,29.4,1722031007731
35.162784576416016,139.61570739746094,6.358,29.4,1722031007731
0.0,0.0,6.358,29.4,1722031007734
0.0,0.0,6.358,29.4,1722031007737
0.0,0.0,6.348,29.4,1722031007795
0.0,0.0,6.348,29.4,1722031007798
0.0,0.0,6.348,29.4,1722031007801
0.0,0.0,6.358,29.4,1722031007866
0.0,0.0,6.358,29.4,1722031007868
0.0,0.0,6.358,29.4,1722031007870
0.0,0.0,6.337,29.4,1722031007936
0.0,0.0,6.337,29.4,1722031007939
0.0,0.0,6.337,29.4,1722031007946
0.0,0.0,6.337,29.4,1722031008006
0.0,0.0,6.337,29.4,1722031008013
0.0,0.0,6.337,29.4,1722031008017
0.0,0.0,6.337,29.4,1722031008076
0.0,0.0,6.337,29.4,1722031008079
0.0,0.0,6.337,29.4,1722031008083
0.0,0.0,6.358,29.4,1722031008156
0.0,0.0,6.358,29.4,1722031008159
0.0,0.0,6.358,29.4,1722031008162
0.0,0.0,6.337,29.4,1722031008225
0.0,0.0,6.337,29.4,1722031008228
0.0,0.0,6.337,29.4,1722031008230
0.0,0.0,6.337,29.4,1722031008287
0.0,0.0,6.337,29.4,1722031008290
0.0,0.0,6.337,29.4,1722031008295
0.0,0.0,6.358,29.4,1722031008355
0.0,0.0,6.358,29.4,1722031008359
0.0,0.0,6.358,29.4,1722031008363
0.0,0.0,6.348,29.4,1722031008427
0.0,0.0,6.348,29.4,1722031008442
0.0,0.0,6.348,29.4,1722031008445
0.0,0.0,6.358,29.4,1722031008498
0.0,0.0,6.358,29.4,1722031008500
0.0,0.0,6.358,29.4,1722031008502
0.0,0.0,6.389,29.4,1722031008568
0.0,0.0,6.389,29.4,1722031008570
0.0,0.0,6.389,29.4,1722031008574
0.0,0.0,6.389,29.4,1722031008636
0.0,0.0,6.389,29.4,1722031008640
0.0,0.0,6.389,29.4,1722031008643
0.0,0.0,6.389,29.4,1722031008707
0.0,0.0,6.389,29.4,1722031008716
0.0,0.0,6.389,29.4,1722031008720
35.16279220581055,139.61570739746094,6.389,29.4,1722031008720
0.0,0.0,6.389,29.4,1722031008776
0.0,0.0,6.389,29.4,1722031008783
0.0,0.0,6.389,29.4,1722031008787
0.0,0.0,6.431,29.4,1722031008846
0.0,0.0,6.431,29.4,1722031008848
0.0,0.0,6.431,29.4,1722031008852
0.0,0.0,6.473,29.4,1722031008913
0.0,0.0,6.473,29.4,1722031008915
0.0,0.0,6.473,29.4,1722031008917
0.0,0.0,6.473,29.4,1722031008986
0.0,0.0,6.473,29.4,1722031008989
0.0,0.0,6.473,29.4,1722031008994
0.0,0.0,6.504,29.4,1722031009055
0.0,0.0,6.504,29.4,1722031009057
0.0,0.0,6.504,29.4,1722031009059
0.0,0.0,6.473,29.4,1722031009127
0.0,0.0,6.473,29.4,1722031009129
0.0,0.0,6.473,29.4,1722031009132
0.0,0.0,6.462,29.4,1722031009194
0.0,0.0,6.462,29.4,1722031009199
0.0,0.0,6.462,29.4,1722031009205
0.0,0.0,6.483,29.4,1722031009269
0.0,0.0,6.483,29.4,1722031009273
0.0,0.0,6.483,29.4,1722031009277
0.0,0.0,6.473,29.4,1722031009368
0.0,0.0,6.473,29.4,1722031009378
0.0,0.0,6.473,29.4,1722031009381
0.0,0.0,6.462,29.4,1722031009401
0.0,0.0,6.462,29.4,1722031009404
0.0,0.0,6.462,29.4,1722031009406
0.0,0.0,6.462,29.4,1722031009476
0.0,0.0,6.462,29.4,1722031009483
0.0,0.0,6.462,29.4,1722031009485
0.0,0.0,6.462,29.4,1722031009542
0.0,0.0,6.462,29.4,1722031009544
0.0,0.0,6.462,29.4,1722031009546
0.0,0.0,6.452,29.4,1722031009618
0.0,0.0,6.452,29.4,1722031009620
0.0,0.0,6.452,29.4,1722031009622
0.0,0.0,6.431,29.4,1722031009688
0.0,0.0,6.431,29.4,1722031009691
0.0,0.0,6.431,29.4,1722031009693
0.0,0.0,6.4,29.4,1722031009760
35.162803649902344,139.61572265625,6.4,29.4,1722031009760
0.0,0.0,6.4,29.4,1722031009763
0.0,0.0,6.4,29.4,1722031009768
0.0,0.0,6.379,29.4,1722031009828
0.0,0.0,6.379,29.4,1722031009832
0.0,0.0,6.379,29.4,1722031009836
0.0,0.0,6.358,29.4,1722031009896
0.0,0.0,6.358,29.4,1722031009900
0.0,0.0,6.358,29.4,1722031009904
0.0,0.0,6.379,29.4,1722031009967
0.0,0.0,6.379,29.4,1722031009970
0.0,0.0,6.379,29.4,1722031009975
0.0,0.0,6.369,29.4,1722031010031
0.0,0.0,6.369,29.4,1722031010033
0.0,0.0,6.369,29.4,1722031010036
0.0,0.0,6.358,29.4,1722031010103
0.0,0.0,6.358,29.4,1722031010104
0.0,0.0,6.358,29.4,1722031010106
0.0,0.0,6.358,29.4,1722031010180
0.0,0.0,6.358,29.4,1722031010183
0.0,0.0,6.358,29.4,1722031010187
0.0,0.0,6.369,29.4,1722031010273
0.0,0.0,6.369,29.4,1722031010290
0.0,0.0,6.369,29.4,1722031010293
0.0,0.0,6.369,29.4,1722031010320
0.0,0.0,6.369,29.4,1722031010325
0.0,0.0,6.369,29.4,1722031010327
0.0,0.0,6.369,29.4,1722031010383
0.0,0.0,6.369,29.4,1722031010384
0.0,0.0,6.369,29.4,1722031010388
0.0,0.0,6.358,29.4,1722031010459
0.0,0.0,6.358,29.4,1722031010462
0.0,0.0,6.358,29.4,1722031010463
0.0,0.0,6.358,29.4,1722031010527
0.0,0.0,6.358,29.4,1722031010529
0.0,0.0,6.358,29.4,1722031010532
0.0,0.0,6.358,29.4,1722031010598
0.0,0.0,6.358,29.4,1722031010606
0.0,0.0,6.358,29.4,1722031010610
0.0,0.0,6.389,29.4,1722031010667
0.0,0.0,6.389,29.4,1722031010672
0.0,0.0,6.389,29.4,1722031010676
0.0,0.0,6.41,29.2,1722031010738
0.0,0.0,6.41,29.2,1722031010740
0.0,0.0,6.41,29.2,1722031010744
0.0,0.0,6.379,29.2,1722031010806
0.0,0.0,6.379,29.2,1722031010809
0.0,0.0,6.379,29.2,1722031010811
0.0,0.0,6.4,29.2,1722031010876
0.0,0.0,6.4,29.2,1722031010878
0.0,0.0,6.4,29.2,1722031010881
0.0,0.0,6.389,29.2,1722031010946
0.0,0.0,6.389,29.2,1722031010950
0.0,0.0,6.389,29.2,1722031010953
0.0,0.0,6.41,29.2,1722031011029
0.0,0.0,6.41,29.2,1722031011036
0.0,0.0,6.41,29.2,1722031011040
0.0,0.0,6.389,29.2,1722031011109
0.0,0.0,6.389,29.2,1722031011114
0.0,0.0,6.389,29.2,1722031011129
0.0,0.0,6.389,29.2,1722031011159
0.0,0.0,6.389,29.2,1722031011161
0.0,0.0,6.389,29.2,1722031011166
0.0,0.0,6.41,29.2,1722031011229
0.0,0.0,6.41,29.2,1722031011233
0.0,0.0,6.41,29.2,1722031011241
0.0,0.0,6.421,29.2,1722031011294
0.0,0.0,6.421,29.2,1722031011298
0.0,0.0,6.421,29.2,1722031011301
0.0,0.0,6.431,29.2,1722031011367
0.0,0.0,6.431,29.2,1722031011373
0.0,0.0,6.431,29.2,1722031011377
0.0,0.0,6.421,29.2,1722031011437
0.0,0.0,6.421,29.2,1722031011440
0.0,0.0,6.421,29.2,1722031011442
0.0,0.0,6.431,29.2,1722031011505
0.0,0.0,6.431,29.2,1722031011510
0.0,0.0,6.431,29.2,1722031011513
0.0,0.0,6.41,29.2,1722031011574
0.0,0.0,6.41,29.2,1722031011576
0.0,0.0,6.41,29.2,1722031011581
0.0,0.0,6.431,29.2,1722031011647
0.0,0.0,6.431,29.2,1722031011649
0.0,0.0,6.431,29.2,1722031011652
0.0,0.0,6.41,29.2,1722031011722
0.0,0.0,6.41,29.2,1722031011725
35.162818908691406,139.61572265625,6.41,29.2,1722031011725
0.0,0.0,6.41,29.2,1722031011728
0.0,0.0,6.41,29.2,1722031011799
0.0,0.0,6.41,29.2,1722031011802
0.0,0.0,6.41,29.2,1722031011805
0.0,0.0,6.4,29.2,1722031011871
0.0,0.0,6.4,29.2,1722031011874
0.0,0.0,6.4,29.2,1722031011878
0.0,0.0,6.4,29.2,1722031011931
0.0,0.0,6.4,29.2,1722031011934
0.0,0.0,6.4,29.2,1722031011941
0.0,0.0,6.389,29.2,1722031011995
0.0,0.0,6.389,29.2,1722031011998
0.0,0.0,6.389,29.2,1722031012011
0.0,0.0,6.369,29.2,1722031012073
0.0,0.0,6.369,29.2,1722031012076
0.0,0.0,6.369,29.2,1722031012081
0.0,0.0,6.327,29.2,1722031012138
0.0,0.0,6.327,29.2,1722031012143
0.0,0.0,6.327,29.2,1722031012146
0.0,0.0,6.306,29.2,1722031012208
0.0,0.0,6.306,29.2,1722031012211
0.0,0.0,6.306,29.2,1722031012213
0.0,0.0,6.317,29.2,1722031012276
0.0,0.0,6.317,29.2,1722031012280
0.0,0.0,6.317,29.2,1722031012281
0.0,0.0,6.317,29.2,1722031012348
0.0,0.0,6.317,29.2,1722031012353
0.0,0.0,6.317,29.2,1722031012355
0.0,0.0,6.317,29.2,1722031012413
0.0,0.0,6.317,29.2,1722031012417
0.0,0.0,6.317,29.2,1722031012422
0.0,0.0,6.317,29.2,1722031012487
0.0,0.0,6.317,29.2,1722031012490
0.0,0.0,6.317,29.2,1722031012493
0.0,0.0,6.337,29.2,1722031012567
0.0,0.0,6.337,29.2,1722031012573
0.0,0.0,6.337,29.2,1722031012576
0.0,0.0,6.337,29.2,1722031012642
0.0,0.0,6.337,29.2,1722031012644
0.0,0.0,6.337,29.2,1722031012649
0.0,0.0,6.337,29.2,1722031012694
0.0,0.0,6.337,29.2,1722031012696
0.0,0.0,6.337,29.2,1722031012699
35.1628303527832,139.61572265625,6.337,29.2,1722031012699
0.0,0.0,6.327,29.2,1722031012764
0.0,0.0,6.327,29.2,1722031012769
0.0,0.0,6.327,29.2,1722031012772
0.0,0.0,6.358,29.2,1722031012835
0.0,0.0,6.358,29.2,1722031012839
0.0,0.0,6.358,29.2,1722031012842
0.0,0.0,6.369,29.2,1722031012906
0.0,0.0,6.369,29.2,1722031012909
0.0,0.0,6.369,29.2,1722031012926
0.0,0.0,6.389,29.2,1722031012977
0.0,0.0,6.389,29.2,1722031012980
0.0,0.0,6.389,29.2,1722031012983
0.0,0.0,6.4,29.2,1722031013045
0.0,0.0,6.4,29.2,1722031013047
0.0,0.0,6.4,29.2,1722031013050
0.0,0.0,6.41,29.2,1722031013117
0.0,0.0,6.41,29.2,1722031013119
0.0,0.0,6.41,29.2,1722031013121
0.0,0.0,6.4,29.2,1722031013185
0.0,0.0,6.4,29.2,1722031013188
0.0,0.0,6.4,29.2,1722031013194
0.0,0.0,6.41,29.2,1722031013261
0.0,0.0,6.41,29.2,1722031013263
0.0,0.0,6.41,29.2,1722031013266
0.0,0.0,6.421,29.2,1722031013328
0.0,0.0,6.421,29.2,1722031013331
0.0,0.0,6.421,29.2,1722031013335
0.0,0.0,6.41,29.2,1722031013402
0.0,0.0,6.41,29.2,1722031013405
0.0,0.0,6.41,29.2,1722031013408
0.0,0.0,6.41,29.2,1722031013468
0.0,0.0,6.41,29.2,1722031013471
0.0,0.0,6.41,29.2,1722031013478
0.0,0.0,6.452,29.2,1722031013551
0.0,0.0,6.452,29.2,1722031013555
0.0,0.0,6.452,29.2,1722031013558
0.0,0.0,6.452,29.2,1722031013608
0.0,0.0,6.452,29.2,1722031013611
0.0,0.0,6.452,29.2,1722031013613
0.0,0.0,6.452,29.2,1722031013700
0.0,0.0,6.452,29.2,1722031013702
0.0,0.0,6.452,29.2,1722031013703
0.0,0.0,6.452,29.2,1722031013753
35.162841796875,139.61573791503906,6.452,29.2,1722031013753
0.0,0.0,6.452,29.2,1722031013757
0.0,0.0,6.452,29.2,1722031013759
0.0,0.0,6.483,29.2,1722031013816
0.0,0.0,6.483,29.2,1722031013821
0.0,0.0,6.483,29.2,1722031013823
0.0,0.0,6.504,29.2,1722031013885
0.0,0.0,6.504,29.2,1722031013889
0.0,0.0,6.504,29.2,1722031013891
0.0,0.0,6.504,29.2,1722031013986
0.0,0.0,6.504,29.2,1722031013989
0.0,0.0,6.504,29.2,1722031013990
0.0,0.0,6.514,29.2,1722031014023
0.0,0.0,6.514,29.2,1722031014027
0.0,0.0,6.514,29.2,1722031014031
0.0,0.0,6.514,29.2,1722031014097
0.0,0.0,6.514,29.2,1722031014099
0.0,0.0,6.514,29.2,1722031014101
0.0,0.0,6.514,29.2,1722031014173
0.0,0.0,6.514,29.2,1722031014176
0.0,0.0,6.514,29.2,1722031014179
0.0,0.0,6.546,29.2,1722031014238
0.0,0.0,6.546,29.2,1722031014242
0.0,0.0,6.546,29.2,1722031014246
0.0,0.0,6.556,29.2,1722031014337
0.0,0.0,6.556,29.2,1722031014339
0.0,0.0,6.556,29.2,1722031014342
0.0,0.0,6.546,29.2,1722031014373
0.0,0.0,6.546,29.2,1722031014376
0.0,0.0,6.546,29.2,1722031014379
0.0,0.0,6.525,29.2,1722031014460
0.0,0.0,6.525,29.2,1722031014463
0.0,0.0,6.525,29.2,1722031014465
0.0,0.0,6.535,29.2,1722031014560
0.0,0.0,6.535,29.2,1722031014565
0.0,0.0,6.535,29.2,1722031014570
0.0,0.0,6.535,29.2,1722031014583
0.0,0.0,6.535,29.2,1722031014585
0.0,0.0,6.535,29.2,1722031014587
0.0,0.0,6.514,29.2,1722031014711
0.0,0.0,6.514,29.2,1722031014716
0.0,0.0,6.514,29.2,1722031014718
0.0,0.0,6.493,29.2,1722031014729
0.0,0.0,6.493,29.2,1722031014733
35.1628532409668,139.61573791503906,6.493,29.2,1722031014733
0.0,0.0,6.493,29.2,1722031014735
0.0,0.0,6.493,29.2,1722031014856
0.0,0.0,6.493,29.2,1722031014862
0.0,0.0,6.493,29.2,1722031014867
0.0,0.0,6.483,29.2,1722031014888
0.0,0.0,6.483,29.2,1722031014893
0.0,0.0,6.483,29.2,1722031014896
0.0,0.0,6.483,29.2,1722031014958
0.0,0.0,6.483,29.2,1722031014967
0.0,0.0,6.483,29.2,1722031014971
0.0,0.0,6.483,29.2,1722031015052
0.0,0.0,6.483,29.2,1722031015057
0.0,0.0,6.483,29.2,1722031015059
0.0,0.0,6.431,29.2,1722031015074
0.0,0.0,6.431,29.2,1722031015077
0.0,0.0,6.431,29.2,1722031015080
0.0,0.0,6.421,29.2,1722031015171
0.0,0.0,6.421,29.2,1722031015174
0.0,0.0,6.421,29.2,1722031015175
0.0,0.0,6.421,29.2,1722031015216
0.0,0.0,6.421,29.2,1722031015219
0.0,0.0,6.421,29.2,1722031015222
0.0,0.0,6.421,29.2,1722031015295
0.0,0.0,6.421,29.2,1722031015299
0.0,0.0,6.421,29.2,1722031015302
0.0,0.0,6.421,29.2,1722031015433
0.0,0.0,6.421,29.2,1722031015435
0.0,0.0,6.421,29.2,1722031015437
0.0,0.0,6.421,29.2,1722031015441
0.0,0.0,6.421,29.2,1722031015444
0.0,0.0,6.421,29.2,1722031015446
0.0,0.0,6.431,29.2,1722031015497
0.0,0.0,6.431,29.2,1722031015501
0.0,0.0,6.431,29.2,1722031015506
0.0,0.0,6.452,29.2,1722031015570
0.0,0.0,6.452,29.2,1722031015575
0.0,0.0,6.452,29.2,1722031015578
0.0,0.0,6.462,29.2,1722031015664
0.0,0.0,6.462,29.2,1722031015667
0.0,0.0,6.462,29.2,1722031015669
0.0,0.0,6.452,29.2,1722031015706
0.0,0.0,6.452,29.2,1722031015710
0.0,0.0,6.452,29.2,1722031015714
35.16286849975586,139.61573791503906,6.452,29.2,1722031015714
0.0,0.0,6.441,29.2,1722031015793
0.0,0.0,6.441,29.2,1722031015796
0.0,0.0,6.441,29.2,1722031015799
0.0,0.0,6.462,29.2,1722031015844
0.0,0.0,6.462,29.2,1722031015846
0.0,0.0,6.462,29.2,1722031015849
0.0,0.0,6.473,29.2,1722031015914
0.0,0.0,6.473,29.2,1722031015918
0.0,0.0,6.473,29.2,1722031015921
0.0,0.0,6.493,29.2,1722031015992
0.0,0.0,6.493,29.2,1722031015995
0.0,0.0,6.493,29.2,1722031015998
0.0,0.0,6.525,29.2,1722031016055
0.0,0.0,6.525,29.2,1722031016059
0.0,0.0,6.525,29.2,1722031016062
0.0,0.0,6.514,29.2,1722031016125
0.0,0.0,6.514,29.2,1722031016132
0.0,0.0,6.514,29.2,1722031016136
0.0,0.0,6.525,29.2,1722031016195
0.0,0.0,6.525,29.2,1722031016197
0.0,0.0,6.525,29.2,1722031016200
0.0,0.0,6.546,29.2,1722031016268
0.0,0.0,6.546,29.2,1722031016273
0.0,0.0,6.546,29.2,1722031016277
0.0,0.0,6.566,29.2,1722031016333
0.0,0.0,6.566,29.2,1722031016335
0.0,0.0,6.566,29.2,1722031016336
0.0,0.0,6.587,29.2,1722031016408
0.0,0.0,6.587,29.2,1722031016411
0.0,0.0,6.587,29.2,1722031016415
0.0,0.0,6.598,29.2,1722031016476
0.0,0.0,6.598,29.2,1722031016489
0.0,0.0,6.598,29.2,1722031016494
0.0,0.0,6.608,29.2,1722031016545
0.0,0.0,6.608,29.2,1722031016548
0.0,0.0,6.608,29.2,1722031016550
0.0,0.0,6.608,29.2,1722031016618
0.0,0.0,6.608,29.2,1722031016621
0.0,0.0,6.608,29.2,1722031016624
0.0,0.0,6.587,29.2,1722031016684
0.0,0.0,6.587,29.2,1722031016687
0.0,0.0,6.587,29.2,1722031016691
0.0,0.0,6.598,29.2,1722031016770
35.162879943847656,139.61575317382812,6.598,29.2,1722031016770
0.0,0.0,6.598,29.2,1722031016774
0.0,0.0,6.598,29.2,1722031016783
0.0,0.0,6.566,29.2,1722031016825
0.0,0.0,6.566,29.2,1722031016827
0.0,0.0,6.566,29.2,1722031016832
0.0,0.0,6.556,29.2,1722031016903
0.0,0.0,6.556,29.2,1722031016905
0.0,0.0,6.556,29.2,1722031016909
0.0,0.0,6.566,29.2,1722031016989
0.0,0.0,6.566,29.2,1722031016992
0.0,0.0,6.566,29.2,1722031016995
0.0,0.0,6.546,29.2,1722031017036
0.0,0.0,6.546,29.2,1722031017039
0.0,0.0,6.546,29.2,1722031017043
0.0,0.0,6.546,29.2,1722031017103
0.0,0.0,6.546,29.2,1722031017105
0.0,0.0,6.546,29.2,1722031017109
0.0,0.0,6.535,29.2,1722031017181
0.0,0.0,6.535,29.2,1722031017186
0.0,0.0,6.535,29.2,1722031017190
0.0,0.0,6.514,29.2,1722031017273
0.0,0.0,6.514,29.2,1722031017276
0.0,0.0,6.514,29.2,1722031017282
0.0,0.0,6.546,29.2,1722031017323
0.0,0.0,6.546,29.2,1722031017328
0.0,0.0,6.546,29.2,1722031017333
0.0,0.0,6.566,29.2,1722031017386
0.0,0.0,6.566,29.2,1722031017400
0.0,0.0,6.566,29.2,1722031017403
0.0,0.0,6.587,29.2,1722031017485
0.0,0.0,6.587,29.2,1722031017487
0.0,0.0,6.587,29.2,1722031017490
0.0,0.0,6.608,29.2,1722031017524
0.0,0.0,6.608,29.2,1722031017527
0.0,0.0,6.608,29.2,1722031017537
0.0,0.0,6.629,29.2,1722031017597
0.0,0.0,6.629,29.2,1722031017601
0.0,0.0,6.629,29.2,1722031017603
0.0,0.0,6.629,29.2,1722031017676
0.0,0.0,6.629,29.2,1722031017680
0.0,0.0,6.629,29.2,1722031017683
0.0,0.0,6.639,29.2,1722031017737
35.16289520263672,139.61575317382812,6.639,29.2,1722031017737
0.0,0.0,6.639,29.2,1722031017740
0.0,0.0,6.639,29.2,1722031017742
0.0,0.0,6.65,29.2,1722031017802
0.0,0.0,6.65,29.2,1722031017806
0.0,0.0,6.65,29.2,1722031017810
0.0,0.0,6.67,29.2,1722031017874
0.0,0.0,6.67,29.2,1722031017877
0.0,0.0,6.67,29.2,1722031017881
0.0,0.0,6.67,29.2,1722031017950
0.0,0.0,6.67,29.2,1722031017953
0.0,0.0,6.67,29.2,1722031017955
0.0,0.0,6.691,29.2,1722031018018
0.0,0.0,6.691,29.2,1722031018021
0.0,0.0,6.691,29.2,1722031018024
0.0,0.0,6.702,29.2,1722031018086
0.0,0.0,6.702,29.2,1722031018089
0.0,0.0,6.702,29.2,1722031018093
0.0,0.0,6.681,29.2,1722031018155
0.0,0.0,6.681,29.2,1722031018157
0.0,0.0,6.681,29.2,1722031018159
0.0,0.0,6.681,29.2,1722031018224
0.0,0.0,6.681,29.2,1722031018229
0.0,0.0,6.681,29.2,1722031018233
0.0,0.0,6.66,29.2,1722031018312
0.0,0.0,6.66,29.2,1722031018318
0.0,0.0,6.66,29.2,1722031018322
0.0,0.0,6.66,29.2,1722031018399
0.0,0.0,6.66,29.2,1722031018404
0.0,0.0,6.66,29.2,1722031018406
0.0,0.0,6.65,29.2,1722031018435
0.0,0.0,6.65,29.2,1722031018438
0.0,0.0,6.65,29.2,1722031018441
0.0,0.0,6.67,29.2,1722031018506
0.0,0.0,6.67,29.2,1722031018508
0.0,0.0,6.67,29.2,1722031018513
0.0,0.0,6.691,29.2,1722031018577
0.0,0.0,6.691,29.2,1722031018582
0.0,0.0,6.691,29.2,1722031018585
0.0,0.0,6.702,29.2,1722031018644
0.0,0.0,6.702,29.2,1722031018649
0.0,0.0,6.702,29.2,1722031018650
0.0,0.0,6.691,29.2,1722031018776
35.162906646728516,139.61575317382812,6.691,29.2,1722031018776
0.0,0.0,6.691,29.2,1722031018785
0.0,0.0,6.691,29.2,1722031018807
0.0,0.0,6.722,29.2,1722031018810
0.0,0.0,6.722,29.2,1722031018813
0.0,0.0,6.722,29.2,1722031018817
0.0,0.0,6.722,29.2,1722031018855
0.0,0.0,6.722,29.2,1722031018858
0.0,0.0,6.722,29.2,1722031018860
0.0,0.0,6.722,29.2,1722031018939
0.0,0.0,6.722,29.2,1722031018945
0.0,0.0,6.722,29.2,1722031018949
0.0,0.0,6.743,29.2,1722031019025
0.0,0.0,6.743,29.2,1722031019028
0.0,0.0,6.743,29.2,1722031019030
0.0,0.0,6.764,29.2,1722031019065
0.0,0.0,6.764,29.2,1722031019068
0.0,0.0,6.764,29.2,1722031019071
0.0,0.0,6.785,29.2,1722031019135
0.0,0.0,6.785,29.2,1722031019148
0.0,0.0,6.785,29.2,1722031019151
0.0,0.0,6.795,29.2,1722031019207
0.0,0.0,6.795,29.2,1722031019209
0.0,0.0,6.795,29.2,1722031019211
0.0,0.0,6.816,29.2,1722031019278
0.0,0.0,6.816,29.2,1722031019281
0.0,0.0,6.816,29.2,1722031019283
0.0,0.0,6.837,29.2,1722031019351
0.0,0.0,6.837,29.2,1722031019354
0.0,0.0,6.837,29.2,1722031019357
0.0,0.0,6.837,29.2,1722031019421
0.0,0.0,6.837,29.2,1722031019430
0.0,0.0,6.837,29.2,1722031019433
0.0,0.0,6.826,29.2,1722031019489
0.0,0.0,6.826,29.2,1722031019493
0.0,0.0,6.826,29.2,1722031019497
0.0,0.0,6.816,29.2,1722031019559
0.0,0.0,6.816,29.2,1722031019563
0.0,0.0,6.816,29.2,1722031019567
0.0,0.0,6.816,29.2,1722031019634
0.0,0.0,6.816,29.2,1722031019638
0.0,0.0,6.816,29.2,1722031019644
0.0,0.0,6.816,29.2,1722031019697
0.0,0.0,6.816,29.2,1722031019701
0.0,0.0,6.816,29.2,1722031019705
35.16292190551758,139.61575317382812,6.816,29.2,1722031019705
0.0,0.0,6.826,29.2,1722031019766
0.0,0.0,6.826,29.2,1722031019769
0.0,0.0,6.826,29.2,1722031019772
0.0,0.0,6.816,29.2,1722031019905
0.0,0.0,6.816,29.2,1722031019907
0.0,0.0,6.816,29.2,1722031019909
0.0,0.0,6.826,29.2,1722031019913
0.0,0.0,6.826,29.2,1722031019916
0.0,0.0,6.826,29.2,1722031019920
0.0,0.0,6.826,29.2,1722031019977
0.0,0.0,6.826,29.2,1722031019982
0.0,0.0,6.826,29.2,1722031019997
0.0,0.0,6.816,29.2,1722031020047
0.0,0.0,6.816,29.2,1722031020048
0.0,0.0,6.816,29.2,1722031020050
0.0,0.0,6.785,29.2,1722031020118
0.0,0.0,6.785,29.2,1722031020120
0.0,0.0,6.785,29.2,1722031020123
0.0,0.0,6.774,29.2,1722031020192
0.0,0.0,6.774,29.2,1722031020194
0.0,0.0,6.774,29.2,1722031020197
0.0,0.0,6.764,29.2,1722031020256
0.0,0.0,6.764,29.2,1722031020260
0.0,0.0,6.764,29.2,1722031020262
0.0,0.0,6.754,29.2,1722031020329
0.0,0.0,6.754,29.2,1722031020332
0.0,0.0,6.754,29.2,1722031020337
0.0,0.0,6.754,29.2,1722031020398
0.0,0.0,6.754,29.2,1722031020402
0.0,0.0,6.754,29.2,1722031020406
0.0,0.0,6.754,29.2,1722031020467
0.0,0.0,6.754,29.2,1722031020471
0.0,0.0,6.754,29.2,1722031020476
0.0,0.0,6.743,29.2,1722031020537
0.0,0.0,6.743,29.2,1722031020540
0.0,0.0,6.743,29.2,1722031020545
0.0,0.0,6.754,29.2,1722031020610
0.0,0.0,6.754,29.2,1722031020612
0.0,0.0,6.754,29.2,1722031020616
0.0,0.0,6.795,29.2,1722031020681
0.0,0.0,6.795,29.2,1722031020686
0.0,0.0,6.795,29.2,1722031020689
0.0,0.0,6.774,29.2,1722031020757
35.162933349609375,139.6157684326172,6.774,29.2,1722031020757
0.0,0.0,6.774,29.2,1722031020766
0.0,0.0,6.774,29.2,1722031020773
0.0,0.0,6.795,29.2,1722031020818
0.0,0.0,6.795,29.2,1722031020826
0.0,0.0,6.795,29.2,1722031020828
0.0,0.0,6.795,29.2,1722031020891
0.0,0.0,6.795,29.2,1722031020909
0.0,0.0,6.795,29.2,1722031020913
0.0,0.0,6.826,29.2,1722031020963
0.0,0.0,6.826,29.2,1722031020966
0.0,0.0,6.826,29.2,1722031020967
0.0,0.0,6.837,29.2,1722031021027
0.0,0.0,6.837,29.2,1722031021029
0.0,0.0,6.837,29.2,1722031021034
0.0,0.0,6.858,29.2,1722031021093
0.0,0.0,6.858,29.2,1722031021097
0.0,0.0,6.858,29.2,1722031021100
0.0,0.0,6.879,29.2,1722031021169
0.0,0.0,6.879,29.2,1722031021174
0.0,0.0,6.879,29.2,1722031021175
0.0,0.0,6.889,29.2,1722031021252
0.0,0.0,6.889,29.2,1722031021257
0.0,0.0,6.889,29.2,1722031021261
0.0,0.0,6.889,29.2,1722031021328
0.0,0.0,6.889,29.2,1722031021330
0.0,0.0,6.889,29.2,1722031021332
0.0,0.0,6.868,29.2,1722031021377
0.0,0.0,6.868,29.2,1722031021381
0.0,0.0,6.868,29.2,1722031021384
0.0,0.0,6.847,29.2,1722031021451
0.0,0.0,6.847,29.2,1722031021456
0.0,0.0,6.847,29.2,1722031021458
0.0,0.0,6.837,29.2,1722031021525
0.0,0.0,6.837,29.2,1722031021527
0.0,0.0,6.837,29.2,1722031021530
0.0,0.0,6.837,29.2,1722031021591
0.0,0.0,6.837,29.2,1722031021593
