0.0,0.0,18.982,18.6,1673228311113
0.0,0.0,18.992,18.6,1673228311249
0.0,0.0,18.992,18.6,1673228311328
0.0,0.0,19.003,18.6,1673228311436
0.0,0.0,19.003,18.6,1673228311554
0.0,0.0,18.992,18.6,1673228311657
0.0,0.0,18.982,18.6,1673228311766
0.0,0.0,18.971,18.6,1673228311910
0.0,0.0,18.951,18.6,1673228311988
0.0,0.0,18.951,18.6,1673228312093
0.0,0.0,18.93,18.6,1673228312217
0.0,0.0,18.94,18.6,1673228312310
0.0,0.0,18.951,18.6,1673228312420
0.0,0.0,18.94,18.6,1673228312529
0.0,0.0,18.951,18.6,1673228312659
0.0,0.0,18.94,18.6,1673228312744
0.0,0.0,18.951,18.6,1673228312843
0.0,0.0,18.951,18.6,1673228312957
0.0,0.0,18.961,18.6,1673228313060
0.0,0.0,18.971,18.6,1673228313177
0.0,0.0,19.003,18.6,1673228313282
0.0,0.0,19.003,18.6,1673228313394
0.0,0.0,19.003,18.6,1673228313499
0.0,0.0,18.992,18.6,1673228313608
0.0,0.0,18.982,18.6,1673228313717
0.0,0.0,18.982,18.6,1673228313834
0.0,0.0,18.971,18.6,1673228313940
0.0,0.0,18.992,18.6,1673228314043
0.0,0.0,18.992,18.6,1673228314154
0.0,0.0,19.003,18.6,1673228314263
0.0,0.0,19.013,18.6,1673228314371
0.0,0.0,19.003,18.6,1673228314481
0.0,0.0,18.992,18.6,1673228314589
0.0,0.0,18.992,18.6,1673228314695
0.0,0.0,19.003,18.6,1673228314817
0.0,0.0,19.013,18.6,1673228314941
0.0,0.0,19.013,18.6,1673228315025
0.0,0.0,18.992,18.6,1673228315133
0.0,0.0,19.003,18.6,1673228315243
0.0,0.0,18.982,18.6,1673228315351
0.0,0.0,18.982,18.6,1673228315466
0.0,0.0,18.961,18.6,1673228315572
0.0,0.0,18.961,18.6,1673228315678
0.0,0.0,18.982,18.6,1673228315787
0.0,0.0,18.971,18.6,1673228315901
0.0,0.0,18.971,18.6,1673228316005
0.0,0.0,18.971,18.6,1673228316106
0.0,0.0,18.982,18.6,1673228316220
0.0,0.0,18.992,18.6,1673228316344
0.0,0.0,19.003,18.6,1673228316436
0.0,0.0,19.003,18.6,1673228316545
0.0,0.0,19.034,18.6,1673228316655
0.0,0.0,19.024,18.6,1673228316766
0.0,0.0,19.024,18.6,1673228316874
0.0,0.0,19.013,18.6,1673228316986
0.0,0.0,18.992,18.6,1673228317091
0.0,0.0,18.971,18.6,1673228317198
0.0,0.0,18.971,18.6,1673228317302
0.0,0.0,18.951,18.6,1673228317411
0.0,0.0,18.94,18.6,1673228317548
0.0,0.0,18.93,18.6,1673228317633
0.0,0.0,18.909,18.6,1673228317742
0.0,0.0,18.888,18.6,1673228317896
0.0,0.0,18.878,18.6,1673228317981
0.0,0.0,18.867,18.6,1673228318067
0.0,0.0,18.878,18.6,1673228318171
0.0,0.0,18.878,18.6,1673228318282
0.0,0.0,18.888,18.6,1673228318385
0.0,0.0,18.899,18.6,1673228318511
0.0,0.0,18.919,18.6,1673228318605
0.0,0.0,18.909,18.6,1673228318715
0.0,0.0,18.94,18.6,1673228318824
0.0,0.0,18.951,18.6,1673228318930
0.0,0.0,18.971,18.6,1673228319037
0.0,0.0,18.992,18.6,1673228319148
0.0,0.0,19.013,18.6,1673228319262
0.0,0.0,19.013,18.6,1673228319363
0.0,0.0,19.003,18.6,1673228319475
0.0,0.0,19.013,18.6,1673228319585
0.0,0.0,19.003,18.6,1673228319693
0.0,0.0,19.013,18.6,1673228319801
0.0,0.0,19.003,18.6,1673228319911
0.0,0.0,19.003,18.6,1673228320022
0.0,0.0,18.971,18.6,1673228320132
0.0,0.0,18.961,18.6,1673228320246
0.0,0.0,18.94,18.6,1673228320349
0.0,0.0,18.919,18.6,1673228320456
0.0,0.0,18.919,18.6,1673228320568
0.0,0.0,18.919,18.6,1673228320673
0.0,0.0,18.93,18.6,1673228320780
0.0,0.0,18.919,18.6,1673228320886
0.0,0.0,18.909,18.6,1673228320995
0.0,0.0,18.899,18.6,1673228321104
0.0,0.0,18.909,18.6,1673228321211
0.0,0.0,18.909,18.6,1673228321318
0.0,0.0,18.93,18.6,1673228321436
0.0,0.0,18.94,18.6,1673228321535
0.0,0.0,18.971,18.6,1673228321644
0.0,0.0,18.992,18.6,1673228321749
0.0,0.0,19.003,18.6,1673228321862
0.0,0.0,19.003,18.6,1673228321966
0.0,0.0,19.003,18.6,1673228322080
0.0,0.0,19.024,18.6,1673228322188
0.0,0.0,19.034,18.6,1673228322295
0.0,0.0,19.044,18.6,1673228322410
0.0,0.0,19.034,18.6,1673228322520
0.0,0.0,19.034,18.6,1673228322627
0.0,0.0,19.034,18.6,1673228322731
0.0,0.0,19.024,18.6,1673228322843
0.0,0.0,18.982,18.6,1673228322952
0.0,0.0,18.961,18.6,1673228323058
0.0,0.0,18.951,18.6,1673228323174
0.0,0.0,18.961,18.6,1673228323274
0.0,0.0,18.961,18.6,1673228323382
0.0,0.0,18.951,18.6,1673228323535
0.0,0.0,18.951,18.6,1673228323604
0.0,0.0,18.951,18.6,1673228323738
0.0,0.0,18.951,18.6,1673228323845
0.0,0.0,18.94,18.6,1673228323948
0.0,0.0,18.951,18.6,1673228324050
0.0,0.0,18.961,18.6,1673228324150
0.0,0.0,18.971,18.6,1673228324249
0.0,0.0,18.982,18.6,1673228324426
0.0,0.0,18.982,18.6,1673228324463
0.0,0.0,18.961,18.6,1673228324574
0.0,0.0,18.961,18.6,1673228324682
0.0,0.0,18.951,18.6,1673228324791
0.0,0.0,18.94,18.6,1673228324898
0.0,0.0,18.94,18.6,1673228325005
0.0,0.0,18.961,18.6,1673228325124
0.0,0.0,18.971,18.6,1673228325222
0.0,0.0,18.971,18.6,1673228325336
0.0,0.0,18.961,18.6,1673228325448
0.0,0.0,18.971,18.6,1673228325552
0.0,0.0,18.971,18.6,1673228325656
0.0,0.0,18.961,18.6,1673228325798
0.0,0.0,18.982,18.6,1673228325878
0.0,0.0,18.982,18.6,1673228325981
0.0,0.0,19.013,18.6,1673228326086
0.0,0.0,19.003,18.6,1673228326198
0.0,0.0,19.013,18.6,1673228326309
0.0,0.0,19.003,18.6,1673228326412
0.0,0.0,18.992,18.6,1673228326522
0.0,0.0,18.992,18.6,1673228326633
0.0,0.0,19.003,18.6,1673228326741
0.0,0.0,19.013,18.6,1673228326849
0.0,0.0,19.024,18.6,1673228326963
0.0,0.0,19.034,18.6,1673228327070
0.0,0.0,19.044,18.6,1673228327184
0.0,0.0,19.044,18.6,1673228327309
0.0,0.0,19.044,18.6,1673228327404
0.0,0.0,19.055,18.6,1673228327518
0.0,0.0,19.044,18.6,1673228327618
0.0,0.0,19.034,18.6,1673228327733
0.0,0.0,19.024,18.6,1673228327848
0.0,0.0,19.034,18.6,1673228327952
0.0,0.0,19.013,18.6,1673228328065
0.0,0.0,19.003,18.6,1673228328174
0.0,0.0,18.992,18.6,1673228328280
0.0,0.0,18.992,18.6,1673228328388
0.0,0.0,18.992,18.6,1673228328489
0.0,0.0,18.992,18.6,1673228328600
0.0,0.0,18.971,18.6,1673228328719
0.0,0.0,18.971,18.6,1673228328817
0.0,0.0,18.982,18.6,1673228328925
0.0,0.0,18.982,18.6,1673228329032
0.0,0.0,19.003,18.6,1673228329145
0.0,0.0,19.013,18.6,1673228329255
0.0,0.0,19.013,18.6,1673228329371
0.0,0.0,19.013,18.6,1673228329500
0.0,0.0,19.024,18.6,1673228329587
0.0,0.0,19.003,18.6,1673228329696
0.0,0.0,18.982,18.6,1673228329804
0.0,0.0,18.971,18.6,1673228329915
0.0,0.0,18.971,18.6,1673228330022
0.0,0.0,18.961,18.6,1673228330132
0.0,0.0,18.961,18.6,1673228330271
0.0,0.0,18.961,18.6,1673228330349
0.0,0.0,18.951,18.6,1673228330453
0.0,0.0,18.94,18.6,1673228330559
0.0,0.0,18.93,18.6,1673228330669
0.0,0.0,18.93,18.6,1673228330782
0.0,0.0,18.93,18.6,1673228330887
0.0,0.0,18.94,18.6,1673228330996
0.0,0.0,18.951,18.6,1673228331113
0.0,0.0,18.961,18.6,1673228331205
0.0,0.0,18.971,18.6,1673228331315
0.0,0.0,18.982,18.6,1673228331417
0.0,0.0,18.961,18.6,1673228331528
0.0,0.0,18.951,18.6,1673228331637
0.0,0.0,18.961,18.6,1673228331752
0.0,0.0,18.951,18.6,1673228331864
0.0,0.0,18.951,18.6,1673228331974
0.0,0.0,18.94,18.6,1673228332085
0.0,0.0,18.94,18.6,1673228332192
0.0,0.0,18.93,18.6,1673228332293
0.0,0.0,18.919,18.6,1673228332401
0.0,0.0,18.899,18.6,1673228332513
0.0,0.0,18.899,18.6,1673228332621
0.0,0.0,18.899,18.6,1673228332720
0.0,0.0,18.909,18.6,1673228332840
0.0,0.0,18.93,18.6,1673228332942
0.0,0.0,18.94,18.6,1673228333071
0.0,0.0,18.961,18.6,1673228333161
0.0,0.0,18.982,18.6,1673228333264
0.0,0.0,18.982,18.6,1673228333368
0.0,0.0,18.982,18.6,1673228333473
0.0,0.0,19.003,18.6,1673228333582
0.0,0.0,19.013,18.6,1673228333695
0.0,0.0,19.013,18.6,1673228333807
0.0,0.0,19.024,18.6,1673228333923
0.0,0.0,19.024,18.6,1673228334026
0.0,0.0,19.013,18.6,1673228334134
0.0,0.0,19.013,18.6,1673228334242
0.0,0.0,19.003,18.6,1673228334353
0.0,0.0,18.971,18.6,1673228334468
0.0,0.0,18.951,18.6,1673228334585
0.0,0.0,18.951,18.6,1673228334676
0.0,0.0,18.951,18.6,1673228334786
0.0,0.0,18.951,18.6,1673228334897
0.0,0.0,18.94,18.6,1673228334990
0.0,0.0,18.951,18.6,1673228335098
0.0,0.0,18.93,18.6,1673228335207
0.0,0.0,18.94,18.6,1673228335326
0.0,0.0,18.94,18.6,1673228335423
0.0,0.0,18.94,18.6,1673228335528
0.0,0.0,18.951,18.6,1673228335636
0.0,0.0,18.971,18.6,1673228335744
0.0,0.0,18.971,18.6,1673228335851
0.0,0.0,18.982,18.6,1673228335970
0.0,0.0,19.003,18.6,1673228336074
0.0,0.0,19.003,18.6,1673228336185
0.0,0.0,19.013,18.6,1673228336293
0.0,0.0,19.024,18.6,1673228336516
0.0,0.0,19.034,18.6,1673228336521
0.0,0.0,19.044,18.6,1673228336684
0.0,0.0,19.044,18.6,1673228336789
0.0,0.0,19.044,18.6,1673228336854
0.0,0.0,19.044,18.6,1673228337005
0.0,0.0,19.044,18.6,1673228337087
0.0,0.0,19.055,18.6,1673228337183
0.0,0.0,19.034,18.6,1673228337306
0.0,0.0,19.013,18.6,1673228337400
0.0,0.0,19.024,18.6,1673228337627
0.0,0.0,19.013,18.6,1673228337759
0.0,0.0,18.992,18.6,1673228337830
0.0,0.0,18.982,18.6,1673228337943
0.0,0.0,18.982,18.6,1673228338122
0.0,0.0,18.982,18.6,1673228338161
0.0,0.0,18.982,18.6,1673228338374
0.0,0.0,18.982,18.6,1673228338491
0.0,0.0,19.003,18.6,1673228339160
0.0,0.0,18.992,18.6,1673228339361
0.0,0.0,18.992,18.6,1673228339576
0.0,0.0,18.982,18.6,1673228339793
0.0,0.0,18.961,18.6,1673228340010
0.0,0.0,18.951,18.6,1673228340174
0.0,0.0,18.961,18.6,1673228340220
0.0,0.0,18.951,18.6,1673228340444
0.0,0.0,18.961,18.6,1673228340658
0.0,0.0,18.951,18.6,1673228340879
0.0,0.0,18.951,18.6,1673228341092
0.0,0.0,18.961,18.6,1673228341305
0.0,0.0,18.93,18.6,1673228341522
0.0,0.0,18.951,18.6,1673228341742
0.0,0.0,18.971,18.6,1673228341941
0.0,0.0,18.992,18.6,1673228341958
0.0,0.0,19.013,18.6,1673228342088
0.0,0.0,19.034,18.6,1673228342180
0.0,0.0,19.055,18.6,1673228342317
0.0,0.0,19.065,18.6,1673228342412
0.0,0.0,19.055,18.6,1673228342508
0.0,0.0,19.076,18.6,1673228342619
0.0,0.0,19.065,18.6,1673228342728
0.0,0.0,19.076,18.6,1673228342837
0.0,0.0,19.107,18.6,1673228342942
0.0,0.0,19.086,18.6,1673228343059
0.0,0.0,19.076,18.6,1673228343173
0.0,0.0,19.076,18.6,1673228343279
0.0,0.0,19.055,18.6,1673228343400
0.0,0.0,19.044,18.6,1673228343606
0.0,0.0,19.034,18.6,1673228343711
0.0,0.0,19.034,18.6,1673228343819
0.0,0.0,19.034,18.6,1673228343930
0.0,0.0,19.034,18.6,1673228344043
0.0,0.0,19.034,18.6,1673228344144
0.0,0.0,19.013,18.6,1673228344265
0.0,0.0,19.003,18.6,1673228344366
0.0,0.0,19.003,18.6,1673228344472
0.0,0.0,18.992,18.6,1673228344587
0.0,0.0,18.992,18.6,1673228344696
0.0,0.0,18.982,18.6,1673228344806
0.0,0.0,18.971,18.6,1673228344916
0.0,0.0,18.961,18.6,1673228345025
0.0,0.0,18.951,18.6,1673228345138
0.0,0.0,18.951,18.6,1673228345239
0.0,0.0,18.94,18.6,1673228345345
0.0,0.0,18.93,18.6,1673228345456
0.0,0.0,18.93,18.6,1673228345573
0.0,0.0,18.919,18.6,1673228345665
0.0,0.0,18.919,18.6,1673228345773
0.0,0.0,18.93,18.6,1673228345885
0.0,0.0,18.919,18.6,1673228345990
0.0,0.0,18.919,18.6,1673228346101
0.0,0.0,18.94,18.6,1673228346204
0.0,0.0,18.951,18.6,1673228346315
0.0,0.0,18.94,18.6,1673228346425
0.0,0.0,18.94,18.6,1673228346526
0.0,0.0,18.94,18.6,1673228346634
0.0,0.0,18.951,18.6,1673228346753
0.0,0.0,18.94,18.6,1673228346863
0.0,0.0,18.951,18.6,1673228346974
0.0,0.0,18.93,18.6,1673228347080
0.0,0.0,18.93,18.6,1673228347186
0.0,0.0,18.93,18.6,1673228347293
0.0,0.0,18.919,18.6,1673228347401
0.0,0.0,18.909,18.6,1673228347513
0.0,0.0,18.888,18.6,1673228347618
0.0,0.0,18.888,18.6,1673228347727
0.0,0.0,18.899,18.6,1673228347834
0.0,0.0,18.909,18.6,1673228347940
0.0,0.0,18.919,18.6,1673228348048
0.0,0.0,18.93,18.6,1673228348156
0.0,0.0,18.93,18.6,1673228348262
0.0,0.0,18.951,18.6,1673228348372
0.0,0.0,18.951,18.6,1673228348480
0.0,0.0,18.951,18.6,1673228348586
0.0,0.0,18.951,18.6,1673228348695
0.0,0.0,18.961,18.6,1673228348804
0.0,0.0,18.982,18.6,1673228348908
0.0,0.0,18.982,18.6,1673228349017
0.0,0.0,18.992,18.6,1673228349125
0.0,0.0,19.003,18.6,1673228349240
0.0,0.0,19.003,18.6,1673228349346
0.0,0.0,19.013,18.6,1673228349458
0.0,0.0,19.013,18.6,1673228349567
0.0,0.0,19.024,18.6,1673228349673
0.0,0.0,19.034,18.6,1673228349790
0.0,0.0,19.044,18.6,1673228349894
0.0,0.0,19.055,18.6,1673228350007
0.0,0.0,19.076,18.6,1673228350113
0.0,0.0,19.096,18.6,1673228350226
0.0,0.0,19.128,18.6,1673228350335
0.0,0.0,19.117,18.6,1673228350442
0.0,0.0,19.128,18.6,1673228350552
0.0,0.0,19.148,18.6,1673228350657
0.0,0.0,19.128,18.6,1673228350774
0.0,0.0,19.138,18.6,1673228350887
0.0,0.0,19.138,18.6,1673228350991
0.0,0.0,19.148,18.6,1673228351093
0.0,0.0,19.159,18.6,1673228351201
0.0,0.0,19.138,18.6,1673228351314
0.0,0.0,19.117,18.6,1673228351426
0.0,0.0,19.107,18.6,1673228351539
0.0,0.0,19.076,18.6,1673228351651
0.0,0.0,19.086,18.6,1673228351759
0.0,0.0,19.065,18.6,1673228351866
0.0,0.0,19.044,18.6,1673228351975
0.0,0.0,19.044,18.6,1673228352084
0.0,0.0,19.034,18.6,1673228352198
0.0,0.0,19.013,18.6,1673228352303
0.0,0.0,19.003,18.6,1673228352412
0.0,0.0,18.982,18.6,1673228352522
0.0,0.0,18.971,18.6,1673228352635
0.0,0.0,18.971,18.6,1673228352742
0.0,0.0,18.971,18.6,1673228352848
0.0,0.0,18.961,18.6,1673228352958
0.0,0.0,18.951,18.6,1673228353060
0.0,0.0,18.992,18.6,1673228353176
0.0,0.0,19.003,18.6,1673228353276
0.0,0.0,19.013,25.2,1673236575317
35.164772033691406,139.605224609375,19.013,25.2,1673236575317
0.0,0.0,19.003,25.2,1673236575440
0.0,0.0,19.003,25.2,1673236575555
0.0,0.0,19.003,25.2,1673236575645
0.0,0.0,19.024,25.2,1673236575753
0.0,0.0,19.024,25.2,1673236575863
0.0,0.0,19.034,25.2,1673236575967
0.0,0.0,19.044,25.2,1673236576079
0.0,0.0,19.055,25.2,1673236576187
0.0,0.0,19.055,25.2,1673236576299
0.0,0.0,19.055,24.6,1673236576452
0.0,0.0,19.044,24.6,1673236576517
0.0,0.0,19.055,24.6,1673236576633
0.0,0.0,19.065,24.6,1673236576752
0.0,0.0,19.065,24.6,1673236576867
0.0,0.0,19.076,24.6,1673236576954
0.0,0.0,19.055,24.6,1673236577063
0.0,0.0,19.076,24.6,1673236577175
0.0,0.0,19.055,24.6,1673236577281
0.0,0.0,19.055,24.6,1673236577393
0.0,0.0,19.055,24.6,1673236577500
0.0,0.0,19.055,24.6,1673236577613
0.0,0.0,19.065,24.6,1673236577723
0.0,0.0,19.076,24.6,1673236577833
0.0,0.0,19.076,24.6,1673236577943
0.0,0.0,19.086,24.6,1673236578051
0.0,0.0,19.086,24.6,1673236578164
0.0,0.0,19.086,24.6,1673236578265
0.0,0.0,19.107,24.6,1673236578383
0.0,0.0,19.086,24.6,1673236578495
0.0,0.0,19.107,24.6,1673236578598
0.0,0.0,19.128,24.6,1673236578710
0.0,0.0,19.128,24.6,1673236578811
0.0,0.0,19.128,24.6,1673236578929
0.0,0.0,19.138,24.6,1673236579053
0.0,0.0,19.117,24.6,1673236579184
0.0,0.0,19.107,24.6,1673236579249
0.0,0.0,19.096,24.6,1673236579360
0.0,0.0,19.076,24.2,1673236579470
0.0,0.0,19.086,24.2,1673236579577
0.0,0.0,19.086,24.2,1673236579704
0.0,0.0,19.086,24.2,1673236579793
0.0,0.0,19.076,24.2,1673236579904
0.0,0.0,19.076,24.2,1673236580012
0.0,0.0,19.086,24.2,1673236580119
0.0,0.0,19.076,24.2,1673236580235
0.0,0.0,19.096,24.2,1673236580339
0.0,0.0,19.107,24.2,1673236580465
0.0,0.0,19.117,24.2,1673236580559
0.0,0.0,19.117,24.2,1673236580667
0.0,0.0,19.138,24.2,1673236580776
0.0,0.0,19.138,24.2,1673236580888
0.0,0.0,19.128,24.2,1673236580995
0.0,0.0,19.128,24.2,1673236581103
0.0,0.0,19.096,24.2,1673236581214
35.16476821899414,139.60520935058594,19.096,24.2,1673236581214
0.0,0.0,19.065,24.2,1673236581340
0.0,0.0,19.055,24.2,1673236581438
0.0,0.0,19.065,24.2,1673236581543
0.0,0.0,19.034,24.2,1673236581662
0.0,0.0,19.044,24.2,1673236581766
0.0,0.0,19.034,24.2,1673236581872
0.0,0.0,19.044,24.2,1673236582003
0.0,0.0,19.044,24.2,1673236582088
0.0,0.0,19.034,24.2,1673236582213
0.0,0.0,19.044,24.2,1673236582306
0.0,0.0,19.055,23.8,1673236582417
0.0,0.0,19.065,23.8,1673236582528
0.0,0.0,19.096,23.8,1673236582662
0.0,0.0,19.096,23.8,1673236582748
0.0,0.0,19.086,23.8,1673236582854
0.0,0.0,19.096,23.8,1673236582968
0.0,0.0,19.076,23.8,1673236583070
0.0,0.0,19.065,23.8,1673236583182
0.0,0.0,19.065,23.8,1673236583288
35.16476058959961,139.60520935058594,19.065,23.8,1673236583288
0.0,0.0,19.065,23.8,1673236583413
0.0,0.0,19.065,23.8,1673236583506
0.0,0.0,19.044,23.8,1673236583619
0.0,0.0,19.034,23.8,1673236583722
0.0,0.0,19.044,23.8,1673236583837
0.0,0.0,19.024,23.8,1673236583942
0.0,0.0,19.024,23.8,1673236584083
0.0,0.0,19.024,23.8,1673236584164
0.0,0.0,19.034,23.8,1673236584286
0.0,0.0,19.044,23.8,1673236584380
0.0,0.0,19.044,23.8,1673236584516
0.0,0.0,19.044,23.8,1673236584596
0.0,0.0,19.013,23.8,1673236584736
0.0,0.0,19.024,23.8,1673236584816
0.0,0.0,19.055,23.8,1673236584953
0.0,0.0,19.055,23.8,1673236585035
0.0,0.0,19.044,23.8,1673236585182
0.0,0.0,19.055,23.8,1673236585254
35.16476058959961,139.60519409179688,19.055,23.8,1673236585254
0.0,0.0,19.044,23.8,1673236585397
0.0,0.0,19.055,23.8,1673236585480
0.0,0.0,19.055,23.6,1673236585618
0.0,0.0,19.055,23.6,1673236585695
0.0,0.0,19.044,23.6,1673236585855
0.0,0.0,19.034,23.6,1673236585911
0.0,0.0,19.034,23.6,1673236586082
0.0,0.0,18.992,23.6,1673236586129
0.0,0.0,18.971,23.6,1673236586352
0.0,0.0,18.982,23.6,1673236586457
0.0,0.0,18.982,23.6,1673236586569
0.0,0.0,18.971,23.6,1673236586713
0.0,0.0,18.982,23.6,1673236586777
0.0,0.0,18.982,23.6,1673236586888
0.0,0.0,18.971,23.6,1673236587002
0.0,0.0,18.971,23.6,1673236587144
0.0,0.0,19.013,23.6,1673236587217
35.164756774902344,139.6051788330078,19.013,23.6,1673236587217
0.0,0.0,19.024,23.6,1673236587329
0.0,0.0,19.055,23.6,1673236587436
0.0,0.0,19.096,23.6,1673236587543
0.0,0.0,19.107,23.6,1673236587656
0.0,0.0,19.086,23.6,1673236587770
0.0,0.0,19.096,23.6,1673236587886
0.0,0.0,19.096,23.6,1673236587983
0.0,0.0,19.107,23.6,1673236588099
0.0,0.0,19.107,23.6,1673236588203
0.0,0.0,19.107,23.6,1673236588316
0.0,0.0,19.117,23.2,1673236588422
0.0,0.0,19.086,23.2,1673236588525
0.0,0.0,19.086,23.2,1673236588636
0.0,0.0,19.086,23.2,1673236588752
0.0,0.0,19.076,23.2,1673236588860
0.0,0.0,19.086,23.2,1673236588968
0.0,0.0,19.096,23.2,1673236589073
0.0,0.0,19.096,23.2,1673236589183
0.0,0.0,19.096,23.2,1673236589289
0.0,0.0,19.096,23.2,1673236589420
0.0,0.0,19.096,23.2,1673236589509
0.0,0.0,19.107,23.2,1673236589618
0.0,0.0,19.107,23.2,1673236589725
0.0,0.0,19.107,23.2,1673236589831
0.0,0.0,19.096,23.2,1673236589941
0.0,0.0,19.096,23.2,1673236590067
0.0,0.0,19.107,23.2,1673236590161
0.0,0.0,19.096,23.2,1673236590270
0.0,0.0,19.096,23.2,1673236590379
0.0,0.0,19.096,23.2,1673236590484
0.0,0.0,19.086,23.2,1673236590597
0.0,0.0,19.086,23.2,1673236590702
0.0,0.0,19.076,23.2,1673236590835
0.0,0.0,19.065,23.2,1673236590965
0.0,0.0,19.076,23.2,1673236591062
0.0,0.0,19.096,23.2,1673236591161
0.0,0.0,19.107,23.2,1673236591271
0.0,0.0,19.086,23.2,1673236591364
0.0,0.0,19.044,23.0,1673236591470
0.0,0.0,19.044,23.0,1673236591597
0.0,0.0,19.065,23.0,1673236591692
0.0,0.0,19.055,23.0,1673236591802
0.0,0.0,19.076,23.0,1673236591909
0.0,0.0,19.076,23.0,1673236592020
0.0,0.0,19.076,23.0,1673236592133
0.0,0.0,19.076,23.0,1673236592234
0.0,0.0,19.065,23.0,1673236592354
0.0,0.0,19.024,23.0,1673236592456
0.0,0.0,19.044,23.0,1673236592564
0.0,0.0,19.065,23.0,1673236592676
0.0,0.0,19.065,23.0,1673236592786
0.0,0.0,19.055,23.0,1673236592890
0.0,0.0,19.034,23.0,1673236593004
0.0,0.0,19.034,23.0,1673236593110
0.0,0.0,19.003,23.0,1673236593217
0.0,0.0,19.013,23.0,1673236593328
0.0,0.0,19.024,23.0,1673236593438
0.0,0.0,19.024,23.0,1673236593546
0.0,0.0,19.024,23.0,1673236593655
0.0,0.0,19.044,23.0,1673236593761
0.0,0.0,18.992,23.0,1673236593873
0.0,0.0,18.982,23.0,1673236593982
0.0,0.0,19.013,23.0,1673236594094
0.0,0.0,19.034,23.0,1673236594203
0.0,0.0,19.055,23.0,1673236594319
0.0,0.0,19.044,22.8,1673236594437
0.0,0.0,19.055,22.8,1673236594528
0.0,0.0,19.044,22.8,1673236594642
0.0,0.0,19.024,22.8,1673236594754
0.0,0.0,19.024,22.8,1673236594859
0.0,0.0,19.044,22.8,1673236594970
0.0,0.0,19.044,22.8,1673236595077
0.0,0.0,19.065,22.8,1673236595187
0.0,0.0,19.065,22.8,1673236595294
0.0,0.0,19.055,22.8,1673236595405
0.0,0.0,19.044,22.8,1673236595512
0.0,0.0,19.044,22.8,1673236595625
0.0,0.0,19.034,22.8,1673236595730
0.0,0.0,19.044,22.8,1673236595860
0.0,0.0,19.044,22.8,1673236595946
0.0,0.0,19.055,22.8,1673236596059
0.0,0.0,19.055,22.8,1673236596164
0.0,0.0,19.044,22.8,1673236596272
0.0,0.0,19.034,22.8,1673236596385
0.0,0.0,19.044,22.8,1673236596494
0.0,0.0,19.055,22.8,1673236596602
0.0,0.0,19.065,22.8,1673236596720
0.0,0.0,19.086,22.8,1673236596822
0.0,0.0,19.086,22.8,1673236596936
0.0,0.0,19.096,22.8,1673236597045
0.0,0.0,19.086,22.8,1673236597152
0.0,0.0,19.076,22.8,1673236597269
0.0,0.0,19.076,22.8,1673236597370
0.0,0.0,19.086,22.4,1673236597479
0.0,0.0,19.076,22.4,1673236597587
0.0,0.0,19.086,22.4,1673236597700
0.0,0.0,19.086,22.4,1673236597805
0.0,0.0,19.076,22.4,1673236597918
0.0,0.0,19.055,22.4,1673236598040
0.0,0.0,19.065,22.4,1673236598133
0.0,0.0,19.076,22.4,1673236598243
35.16474914550781,139.6051483154297,19.076,22.4,1673236598243
0.0,0.0,19.086,22.4,1673236598350
0.0,0.0,19.076,22.4,1673236598461
0.0,0.0,19.107,22.4,1673236598569
0.0,0.0,19.117,22.4,1673236598683
0.0,0.0,19.107,22.4,1673236598815
0.0,0.0,19.128,22.4,1673236598898
0.0,0.0,19.138,22.4,1673236599010
0.0,0.0,19.128,22.4,1673236599140
0.0,0.0,19.138,22.4,1673236599275
0.0,0.0,19.159,22.4,1673236599337
0.0,0.0,19.128,22.4,1673236599449
0.0,0.0,19.107,22.4,1673236599561
0.0,0.0,19.096,22.4,1673236599809
0.0,0.0,19.107,22.4,1673236599817
0.0,0.0,19.086,22.4,1673236599888
0.0,0.0,19.065,22.4,1673236600022
0.0,0.0,19.055,22.4,1673236600108
0.0,0.0,19.044,22.4,1673236600250
0.0,0.0,19.024,22.4,1673236600328
0.0,0.0,19.024,22.4,1673236600473
0.0,0.0,19.003,22.4,1673236600544
0.0,0.0,18.982,22.4,1673236600704
0.0,0.0,19.013,22.4,1673236600762
0.0,0.0,19.013,22.4,1673236600920
0.0,0.0,19.003,22.4,1673236600980
0.0,0.0,19.013,22.4,1673236601147
0.0,0.0,19.024,22.4,1673236601198
0.0,0.0,19.044,22.4,1673236601427
0.0,0.0,19.065,22.4,1673236601535
0.0,0.0,19.055,22.4,1673236601676
0.0,0.0,19.065,22.4,1673236601761
0.0,0.0,19.076,22.4,1673236601861
0.0,0.0,19.076,22.4,1673236601971
0.0,0.0,19.086,22.4,1673236602078
0.0,0.0,19.055,22.4,1673236602189
0.0,0.0,19.065,22.4,1673236602301
0.0,0.0,19.055,22.4,1673236602408
0.0,0.0,19.034,22.4,1673236602551
0.0,0.0,19.024,22.4,1673236602624
0.0,0.0,19.003,22.4,1673236602736
0.0,0.0,18.971,22.4,1673236602849
0.0,0.0,18.961,22.4,1673236602949
0.0,0.0,18.951,22.4,1673236603060
0.0,0.0,18.951,22.4,1673236603164
0.0,0.0,18.951,22.4,1673236603297
0.0,0.0,18.951,22.4,1673236603385
0.0,0.0,18.961,22.2,1673236603489
0.0,0.0,18.961,22.2,1673236603598
0.0,0.0,18.961,22.2,1673236603703
0.0,0.0,18.971,22.2,1673236603818
0.0,0.0,18.992,22.2,1673236603957
0.0,0.0,19.003,22.2,1673236604036
0.0,0.0,19.034,22.2,1673236604142
0.0,0.0,19.044,22.2,1673236604268
35.16474151611328,139.6051483154297,19.044,22.2,1673236604268
0.0,0.0,19.044,22.2,1673236604358
0.0,0.0,19.044,22.2,1673236604468
0.0,0.0,19.044,22.2,1673236604578
0.0,0.0,19.034,22.2,1673236604721
0.0,0.0,19.044,22.2,1673236604798
0.0,0.0,19.055,22.2,1673236604906
0.0,0.0,19.055,22.2,1673236605015
0.0,0.0,19.055,22.2,1673236605123
0.0,0.0,19.055,22.2,1673236605235
0.0,0.0,19.055,22.2,1673236605384
0.0,0.0,19.055,22.2,1673236605453
0.0,0.0,19.044,22.2,1673236605562
0.0,0.0,19.055,22.2,1673236605666
0.0,0.0,19.055,22.2,1673236605776
0.0,0.0,19.055,22.2,1673236605880
0.0,0.0,19.065,22.2,1673236605994
0.0,0.0,19.055,22.2,1673236606108
0.0,0.0,19.065,22.2,1673236606227
0.0,0.0,19.076,22.2,1673236606327
0.0,0.0,19.107,22.0,1673236606434
0.0,0.0,19.107,22.0,1673236606544
0.0,0.0,19.107,22.0,1673236606650
0.0,0.0,19.107,22.0,1673236606762
0.0,0.0,19.117,22.0,1673236606893
0.0,0.0,19.138,22.0,1673236606981
0.0,0.0,19.128,22.0,1673236607091
0.0,0.0,19.117,22.0,1673236607198
0.0,0.0,19.107,22.0,1673236607307
0.0,0.0,19.107,22.0,1673236607415
0.0,0.0,19.096,22.0,1673236607539
0.0,0.0,19.086,22.0,1673236607635
0.0,0.0,19.055,22.0,1673236607745
0.0,0.0,19.055,22.0,1673236607858
0.0,0.0,19.065,22.0,1673236607963
0.0,0.0,19.086,22.0,1673236608075
0.0,0.0,19.055,22.0,1673236608180
0.0,0.0,19.034,22.0,1673236608315
0.0,0.0,19.044,22.0,1673236608404
0.0,0.0,19.065,22.0,1673236608511
0.0,0.0,19.065,22.0,1673236608623
0.0,0.0,19.065,22.0,1673236608737
0.0,0.0,19.076,22.0,1673236608842
0.0,0.0,19.076,22.0,1673236608951
0.0,0.0,19.086,22.0,1673236609091
0.0,0.0,19.096,22.0,1673236609165
0.0,0.0,19.076,22.0,1673236609277
35.16474151611328,139.60513305664062,19.076,22.0,1673236609277
0.0,0.0,19.044,22.0,1673236609386
0.0,0.0,19.055,21.8,1673236609490
0.0,0.0,19.065,21.8,1673236609602
0.0,0.0,19.086,21.8,1673236609736
0.0,0.0,19.086,21.8,1673236609869
0.0,0.0,19.086,21.8,1673236609945
0.0,0.0,19.096,21.8,1673236610039
0.0,0.0,19.086,21.8,1673236610152
0.0,0.0,19.086,21.8,1673236610257
0.0,0.0,19.096,21.8,1673236610370
0.0,0.0,19.076,21.8,1673236610660
0.0,0.0,19.086,21.8,1673236610667
0.0,0.0,19.117,21.8,1673236610702
0.0,0.0,19.117,21.8,1673236610808
0.0,0.0,19.096,21.8,1673236610926
0.0,0.0,19.065,21.8,1673236611033
0.0,0.0,19.044,21.8,1673236611135
0.0,0.0,19.044,21.8,1673236611246
0.0,0.0,19.024,21.8,1673236611353
0.0,0.0,19.044,21.8,1673236611466
0.0,0.0,19.055,21.8,1673236611615
0.0,0.0,19.065,21.8,1673236611685
0.0,0.0,19.076,21.8,1673236611804
0.0,0.0,19.076,21.8,1673236611908
0.0,0.0,19.065,21.8,1673236612011
0.0,0.0,19.055,21.8,1673236612120
0.0,0.0,19.065,21.8,1673236612234
0.0,0.0,19.076,21.8,1673236612339
0.0,0.0,19.076,21.8,1673236612450
0.0,0.0,19.065,21.8,1673236612559
0.0,0.0,19.065,21.8,1673236612665
0.0,0.0,19.024,21.8,1673236612778
0.0,0.0,19.013,21.8,1673236612884
0.0,0.0,18.971,21.8,1673236612999
0.0,0.0,18.971,21.8,1673236613103
0.0,0.0,18.961,21.8,1673236613215
0.0,0.0,18.971,21.8,1673236613320
0.0,0.0,18.982,21.8,1673236613462
0.0,0.0,18.992,21.8,1673236613537
0.0,0.0,18.992,21.8,1673236613651
0.0,0.0,19.024,21.8,1673236613762
0.0,0.0,19.034,21.8,1673236613867
0.0,0.0,19.044,21.8,1673236613978
0.0,0.0,19.055,21.8,1673236614084
0.0,0.0,19.055,21.8,1673236614195
0.0,0.0,19.076,21.8,1673236614300
0.0,0.0,19.076,21.8,1673236614410
0.0,0.0,19.076,21.8,1673236614516
0.0,0.0,19.044,21.8,1673236614626
0.0,0.0,19.044,21.8,1673236614731
0.0,0.0,19.024,21.8,1673236614878
0.0,0.0,19.024,21.8,1673236614954
0.0,0.0,18.982,21.8,1673236615060
0.0,0.0,18.961,21.8,1673236615171
0.0,0.0,18.951,21.8,1673236615286
0.0,0.0,18.951,21.8,1673236615390
0.0,0.0,18.951,21.6,1673236615494
0.0,0.0,18.961,21.6,1673236615638
0.0,0.0,18.961,21.6,1673236615708
0.0,0.0,18.971,21.6,1673236615821
0.0,0.0,18.992,21.6,1673236615925
0.0,0.0,18.982,21.6,1673236616046
0.0,0.0,18.992,21.6,1673236616145
0.0,0.0,19.024,21.6,1673236616257
0.0,0.0,19.055,21.6,1673236616363
0.0,0.0,19.076,21.6,1673236616476
0.0,0.0,19.076,21.6,1673236616583
0.0,0.0,19.107,21.6,1673236616691
0.0,0.0,19.117,21.6,1673236616800
0.0,0.0,19.128,21.6,1673236616911
0.0,0.0,19.138,21.6,1673236617020
0.0,0.0,19.128,21.6,1673236617127
0.0,0.0,19.138,21.6,1673236617237
0.0,0.0,19.148,21.6,1673236617346
0.0,0.0,19.148,21.6,1673236617456
0.0,0.0,19.107,21.6,1673236617566
0.0,0.0,19.096,21.6,1673236617680
0.0,0.0,19.107,21.6,1673236617812
0.0,0.0,19.117,21.6,1673236617895
0.0,0.0,19.076,21.6,1673236618005
0.0,0.0,19.044,21.6,1673236618122
0.0,0.0,19.034,21.6,1673236618225
0.0,0.0,19.024,21.6,1673236618330
0.0,0.0,19.024,21.4,1673236618440
0.0,0.0,19.013,21.4,1673236618550
0.0,0.0,19.013,21.4,1673236618664
0.0,0.0,19.024,21.4,1673236618769
0.0,0.0,19.044,21.4,1673236618880
0.0,0.0,19.055,21.4,1673236618990
0.0,0.0,18.992,21.4,1673236619099
0.0,0.0,18.982,21.4,1673236619205
0.0,0.0,19.003,21.4,1673236619346
0.0,0.0,19.034,21.4,1673236619427
0.0,0.0,19.034,21.4,1673236619537
0.0,0.0,19.034,21.4,1673236619643
0.0,0.0,19.034,21.4,1673236619750
0.0,0.0,19.044,21.4,1673236619894
0.0,0.0,19.034,21.4,1673236619974
0.0,0.0,18.992,21.4,1673236620079
0.0,0.0,18.982,21.4,1673236620196
0.0,0.0,18.982,21.4,1673236620298
0.0,0.0,19.013,21.4,1673236620411
0.0,0.0,19.013,21.4,1673236620516
0.0,0.0,19.013,21.4,1673236620629
0.0,0.0,18.951,21.4,1673236620747
0.0,0.0,18.951,21.4,1673236620839
0.0,0.0,18.961,21.4,1673236620949
0.0,0.0,18.951,21.4,1673236621057
0.0,0.0,18.961,21.4,1673236621163
0.0,0.0,18.971,21.4,1673236621275
0.0,0.0,19.003,21.4,1673236621378
0.0,0.0,19.013,21.4,1673236621495
0.0,0.0,18.992,21.4,1673236621597
0.0,0.0,18.992,21.4,1673236621709
0.0,0.0,19.013,21.4,1673236621818
0.0,0.0,19.024,21.4,1673236621926
0.0,0.0,19.055,21.4,1673236622037
0.0,0.0,19.055,21.4,1673236622146
0.0,0.0,19.044,21.4,1673236622259
0.0,0.0,19.055,21.4,1673236622365
0.0,0.0,19.034,21.4,1673236622474
0.0,0.0,19.024,21.4,1673236622591
0.0,0.0,19.024,21.4,1673236622692
0.0,0.0,19.013,21.4,1673236622843
0.0,0.0,19.034,21.4,1673236622914
0.0,0.0,19.034,21.4,1673236623020
0.0,0.0,19.013,21.4,1673236623129
0.0,0.0,19.013,21.4,1673236623237
0.0,0.0,19.013,21.4,1673236623343
0.0,0.0,19.024,21.4,1673236623457
0.0,0.0,19.013,21.4,1673236623565
0.0,0.0,19.024,21.4,1673236623704
0.0,0.0,19.024,21.4,1673236623781
0.0,0.0,19.044,21.4,1673236623890
0.0,0.0,19.034,21.4,1673236623999
0.0,0.0,19.044,21.4,1673236624111
0.0,0.0,19.034,21.4,1673236624221
0.0,0.0,19.044,21.4,1673236624329
0.0,0.0,19.055,21.2,1673236624454
0.0,0.0,19.055,21.2,1673236624551
0.0,0.0,19.055,21.2,1673236624656
0.0,0.0,19.034,21.2,1673236624770
0.0,0.0,19.034,21.2,1673236624874
0.0,0.0,19.034,21.2,1673236624983
0.0,0.0,19.055,21.2,1673236625118
0.0,0.0,19.065,21.2,1673236625201
0.0,0.0,19.065,21.2,1673236625306
0.0,0.0,19.065,21.2,1673236625419
0.0,0.0,19.065,21.2,1673236625527
0.0,0.0,19.055,21.2,1673236625636
0.0,0.0,19.076,21.2,1673236625746
0.0,0.0,19.076,21.2,1673236625879
0.0,0.0,19.086,21.2,1673236625962
0.0,0.0,19.096,21.2,1673236626077
0.0,0.0,19.096,21.2,1673236626180
0.0,0.0,19.107,21.2,1673236626293
0.0,0.0,19.065,21.2,1673236626399
0.0,0.0,19.076,21.2,1673236626511
0.0,0.0,19.076,21.2,1673236626618
0.0,0.0,19.076,21.2,1673236626731
0.0,0.0,19.086,21.2,1673236626837
0.0,0.0,19.086,21.2,1673236626945
0.0,0.0,19.034,21.2,1673236627059
0.0,0.0,19.024,21.2,1673236627164
0.0,0.0,19.013,21.2,1673236627272
0.0,0.0,19.013,21.2,1673236627379
0.0,0.0,19.013,21.2,1673236627488
0.0,0.0,19.013,21.2,1673236627597
0.0,0.0,19.034,21.2,1673236627707
0.0,0.0,19.024,21.2,1673236627817
0.0,0.0,19.024,21.2,1673236627926
0.0,0.0,19.034,21.2,1673236628036
0.0,0.0,19.024,21.2,1673236628141
0.0,0.0,19.024,21.2,1673236628252
0.0,0.0,19.044,21.2,1673236628359
0.0,0.0,19.055,21.2,1673236628471
0.0,0.0,19.065,21.2,1673236628579
0.0,0.0,19.065,21.2,1673236628687
0.0,0.0,19.076,21.2,1673236628799
0.0,0.0,19.055,21.2,1673236628906
0.0,0.0,19.055,21.2,1673236629018
0.0,0.0,19.065,21.2,1673236629126
0.0,0.0,19.055,21.2,1673236629236
0.0,0.0,19.034,21.2,1673236629344
0.0,0.0,19.024,21.2,1673236629488
0.0,0.0,19.024,21.2,1673236629559
0.0,0.0,19.013,21.2,1673236629673
0.0,0.0,18.992,21.2,1673236629784
0.0,0.0,19.003,21.2,1673236629889
0.0,0.0,18.982,21.2,1673236630005
0.0,0.0,18.961,21.2,1673236630125
0.0,0.0,18.961,21.2,1673236630226
0.0,0.0,18.971,21.2,1673236630343
0.0,0.0,18.982,21.2,1673236630438
0.0,0.0,18.971,21.0,1673236630591
0.0,0.0,18.971,21.0,1673236630689
0.0,0.0,18.971,21.0,1673236630791
0.0,0.0,18.982,21.0,1673236630870
0.0,0.0,18.971,21.0,1673236630998
0.0,0.0,18.982,21.0,1673236631100
0.0,0.0,18.951,21.0,1673236631202
0.0,0.0,18.951,21.0,1673236631305
0.0,0.0,18.951,21.0,1673236631414
0.0,0.0,18.94,21.0,1673236631521
0.0,0.0,18.951,21.0,1673236631665
0.0,0.0,18.919,21.0,1673236631743
0.0,0.0,18.909,21.0,1673236631847
0.0,0.0,18.919,21.0,1673236631956
0.0,0.0,18.899,21.0,1673236632063
0.0,0.0,18.909,21.0,1673236632173
0.0,0.0,18.93,21.0,1673236632280
0.0,0.0,18.93,21.0,1673236632385
0.0,0.0,18.94,21.0,1673236632498
0.0,0.0,18.951,21.0,1673236632602
0.0,0.0,18.961,21.0,1673236632711
0.0,0.0,18.971,21.0,1673236632816
0.0,0.0,18.961,21.0,1673236632927
0.0,0.0,18.982,21.0,1673236633035
0.0,0.0,19.013,21.0,1673236633143
0.0,0.0,19.013,21.0,1673236633253
0.0,0.0,19.034,21.0,1673236633362
0.0,0.0,19.024,21.0,1673236633468
0.0,0.0,19.003,21.0,1673236633581
0.0,0.0,18.992,21.0,1673236633696
0.0,0.0,18.992,21.0,1673236633800
0.0,0.0,18.982,21.0,1673236633910
0.0,0.0,19.003,21.0,1673236634019
0.0,0.0,19.013,21.0,1673236634130
0.0,0.0,19.055,21.0,1673236634239
0.0,0.0,19.044,21.0,1673236634347
0.0,0.0,19.034,21.0,1673236634456
0.0,0.0,19.034,21.0,1673236634564
0.0,0.0,19.044,21.0,1673236634679
0.0,0.0,19.065,21.0,1673236634782
0.0,0.0,19.076,21.0,1673236634896
0.0,0.0,19.076,21.0,1673236634998
0.0,0.0,19.086,21.0,1673236635116
0.0,0.0,19.086,21.0,1673236635241
0.0,0.0,19.086,21.0,1673236635324
0.0,0.0,19.055,21.0,1673236635433
0.0,0.0,19.034,21.0,1673236635544
0.0,0.0,19.044,21.0,1673236635656
0.0,0.0,19.044,21.0,1673236635760
0.0,0.0,19.055,21.0,1673236635874
0.0,0.0,19.055,21.0,1673236636018
0.0,0.0,19.055,21.0,1673236636088
0.0,0.0,19.076,21.0,1673236636202
0.0,0.0,19.076,21.0,1673236636307
0.0,0.0,19.076,21.0,1673236636416
0.0,0.0,19.076,21.0,1673236636524
0.0,0.0,19.076,21.0,1673236636634
0.0,0.0,19.086,21.0,1673236636742
0.0,0.0,19.076,21.0,1673236636856
0.0,0.0,19.076,21.0,1673236636957
0.0,0.0,19.065,21.0,1673236637067
0.0,0.0,19.065,21.0,1673236637173
0.0,0.0,19.055,21.0,1673236637285
0.0,0.0,19.034,21.0,1673236637398
0.0,0.0,19.013,21.0,1673236637541
0.0,0.0,19.003,21.0,1673236637612
0.0,0.0,19.003,21.0,1673236637727
0.0,0.0,18.992,21.0,1673236637831
0.0,0.0,18.992,21.0,1673236637939
0.0,0.0,18.971,21.0,1673236638047
0.0,0.0,18.982,21.0,1673236638158
0.0,0.0,18.982,21.0,1673236638279
0.0,0.0,18.982,21.0,1673236638376
0.0,0.0,18.94,21.0,1673236638485
0.0,0.0,18.961,21.0,1673236638591
0.0,0.0,18.971,21.0,1673236638704
0.0,0.0,18.971,21.0,1673236638806
0.0,0.0,18.982,21.0,1673236638916
0.0,0.0,18.982,21.0,1673236639042
0.0,0.0,18.992,21.0,1673236639136
0.0,0.0,19.003,21.0,1673236639242
0.0,0.0,19.003,21.0,1673236639356
0.0,0.0,19.013,20.8,1673236639462
0.0,0.0,18.992,20.8,1673236639569
0.0,0.0,19.024,20.8,1673236639789
0.0,0.0,19.044,20.8,1673236639899
0.0,0.0,19.024,20.8,1673236640007
0.0,0.0,19.034,20.8,1673236640114
0.0,0.0,19.055,20.8,1673236640226
0.0,0.0,19.055,20.8,1673236640331
0.0,0.0,19.065,20.8,1673236640446
0.0,0.0,19.044,20.8,1673236640567
0.0,0.0,19.055,20.8,1673236640665
0.0,0.0,19.065,20.8,1673236640775
0.0,0.0,19.055,20.8,1673236640884
0.0,0.0,19.065,20.8,1673236641004
0.0,0.0,19.034,20.8,1673236641104
0.0,0.0,19.034,20.8,1673236641248
0.0,0.0,19.044,20.8,1673236641323
0.0,0.0,19.034,20.8,1673236641431
0.0,0.0,19.013,20.8,1673236641541
0.0,0.0,19.024,20.8,1673236641647
0.0,0.0,19.013,20.8,1673236641757
0.0,0.0,19.055,20.8,1673236641865
0.0,0.0,19.055,20.8,1673236641978
0.0,0.0,19.034,20.8,1673236642084
0.0,0.0,19.055,20.8,1673236642191
0.0,0.0,19.065,20.8,1673236642312
0.0,0.0,19.086,20.8,1673236642409
0.0,0.0,19.086,20.8,1673236642520
0.0,0.0,19.107,20.8,1673236642629
0.0,0.0,19.117,20.8,1673236642741
0.0,0.0,19.107,20.8,1673236642846
0.0,0.0,19.096,20.8,1673236642956
0.0,0.0,19.055,20.8,1673236643069
0.0,0.0,19.013,20.8,1673236643188
0.0,0.0,19.024,20.8,1673236643286
0.0,0.0,19.024,20.8,1673236643420
0.0,0.0,19.003,20.8,1673236643503
0.0,0.0,18.992,20.8,1673236643617
0.0,0.0,18.982,20.8,1673236643722
0.0,0.0,18.982,20.8,1673236643830
0.0,0.0,18.951,20.8,1673236643939
0.0,0.0,18.951,20.8,1673236644044
0.0,0.0,18.971,20.8,1673236644174
0.0,0.0,18.992,20.8,1673236644265
0.0,0.0,19.013,20.8,1673236644372
0.0,0.0,19.034,20.8,1673236644482
0.0,0.0,19.024,20.8,1673236644590
0.0,0.0,19.024,20.8,1673236644723
0.0,0.0,19.024,20.8,1673236644806
0.0,0.0,19.034,20.8,1673236644920
0.0,0.0,19.024,20.8,1673236645029
0.0,0.0,19.013,20.8,1673236645143
0.0,0.0,19.013,20.8,1673236645246
0.0,0.0,19.024,20.8,1673236645358
0.0,0.0,19.013,20.8,1673236645468
0.0,0.0,19.024,20.8,1673236645577
0.0,0.0,19.013,20.8,1673236645684
0.0,0.0,18.982,20.8,1673236645796
0.0,0.0,18.992,20.8,1673236645902
0.0,0.0,18.982,20.8,1673236646019
0.0,0.0,19.013,20.8,1673236646121
0.0,0.0,18.982,20.8,1673236646235
0.0,0.0,19.003,20.8,1673236646342
0.0,0.0,19.003,20.8,1673236646451
0.0,0.0,19.024,20.8,1673236646560
0.0,0.0,19.013,20.8,1673236646668
0.0,0.0,19.013,20.8,1673236646778
0.0,0.0,18.982,20.8,1673236646898
0.0,0.0,18.982,20.8,1673236646998
0.0,0.0,18.992,20.8,1673236647106
0.0,0.0,18.982,20.8,1673236647213
0.0,0.0,18.992,20.8,1673236647325
0.0,0.0,18.961,20.8,1673236647436
0.0,0.0,18.961,20.8,1673236647542
0.0,0.0,18.961,20.8,1673236647651
0.0,0.0,18.961,20.8,1673236647759
0.0,0.0,18.94,20.8,1673236647863
0.0,0.0,18.951,20.8,1673236647973
0.0,0.0,18.961,20.8,1673236648082
0.0,0.0,18.982,20.8,1673236648189
0.0,0.0,18.982,20.8,1673236648297
0.0,0.0,18.982,20.8,1673236648402
0.0,0.0,19.024,20.6,1673236648525
0.0,0.0,19.024,20.6,1673236648624
0.0,0.0,19.044,20.6,1673236648730
0.0,0.0,19.055,20.6,1673236648840
0.0,0.0,19.065,20.6,1673236648948
0.0,0.0,19.065,20.6,1673236649057
0.0,0.0,19.086,20.6,1673236649279
0.0,0.0,19.096,20.6,1673236649394
0.0,0.0,19.086,20.6,1673236649496
0.0,0.0,19.065,20.6,1673236649607
0.0,0.0,19.076,20.6,1673236649717
0.0,0.0,19.065,20.6,1673236649914
0.0,0.0,19.034,20.6,1673236649933
0.0,0.0,19.024,20.6,1673236650043
0.0,0.0,19.013,20.6,1673236650155
0.0,0.0,18.992,20.6,1673236650263
0.0,0.0,18.982,20.6,1673236650372
0.0,0.0,18.982,20.6,1673236650481
0.0,0.0,18.951,20.6,1673236650594
0.0,0.0,18.951,20.6,1673236650697
0.0,0.0,18.951,20.6,1673236650802
0.0,0.0,18.961,20.6,1673236650913
0.0,0.0,18.94,20.6,1673236651070
0.0,0.0,18.94,20.6,1673236651168
0.0,0.0,18.971,20.6,1673236651271
0.0,0.0,18.982,20.6,1673236651402
0.0,0.0,19.003,20.6,1673236651454
0.0,0.0,19.013,20.6,1673236651562
0.0,0.0,19.013,20.6,1673236651673
0.0,0.0,19.024,20.6,1673236651781
0.0,0.0,19.024,20.6,1673236651897
0.0,0.0,19.003,20.6,1673236652004
0.0,0.0,19.013,20.6,1673236652113
0.0,0.0,19.013,20.6,1673236652219
0.0,0.0,19.013,20.6,1673236652335
0.0,0.0,19.034,20.6,1673236652441
0.0,0.0,19.013,20.6,1673236652549
0.0,0.0,19.003,20.6,1673236652657
0.0,0.0,18.982,20.6,1673236652802
0.0,0.0,18.971,20.6,1673236652881
0.0,0.0,18.971,20.6,1673236652979
0.0,0.0,18.982,20.6,1673236653090
0.0,0.0,18.982,20.6,1673236653195
0.0,0.0,19.013,20.6,1673236653308
0.0,0.0,19.013,20.6,1673236653416
0.0,0.0,19.034,20.6,1673236653525
0.0,0.0,19.055,20.6,1673236653634
0.0,0.0,19.044,20.6,1673236653745
0.0,0.0,19.044,20.6,1673236653855
0.0,0.0,19.055,20.6,1673236653960
0.0,0.0,19.086,20.6,1673236654071
0.0,0.0,19.107,20.6,1673236654183
0.0,0.0,19.107,20.6,1673236654305
0.0,0.0,19.096,20.6,1673236654399
0.0,0.0,19.107,20.6,1673236654513
0.0,0.0,19.117,20.6,1673236654622
0.0,0.0,19.117,20.6,1673236654728
0.0,0.0,19.096,20.6,1673236654840
0.0,0.0,19.086,20.6,1673236654964
0.0,0.0,19.086,20.6,1673236655059
0.0,0.0,19.096,20.6,1673236655164
0.0,0.0,19.096,20.6,1673236655275
0.0,0.0,19.096,20.6,1673236655380
0.0,0.0,19.055,20.6,1673236655489
0.0,0.0,19.055,20.6,1673236655603
0.0,0.0,19.065,20.6,1673236655711
0.0,0.0,19.044,20.6,1673236655825
0.0,0.0,19.044,20.6,1673236655929
0.0,0.0,19.044,20.6,1673236656037
0.0,0.0,19.065,20.6,1673236656141
0.0,0.0,19.076,20.6,1673236656270
0.0,0.0,19.065,20.6,1673236656362
0.0,0.0,19.065,20.6,1673236656491
0.0,0.0,19.065,20.6,1673236656582
0.0,0.0,19.044,20.6,1673236656689
0.0,0.0,19.055,20.6,1673236656800
0.0,0.0,19.044,20.6,1673236656907
0.0,0.0,19.034,20.6,1673236657020
0.0,0.0,19.013,20.6,1673236657164
0.0,0.0,19.003,20.6,1673236657243
0.0,0.0,18.982,20.6,1673236657352
0.0,0.0,18.961,20.6,1673236657454
0.0,0.0,18.94,20.6,1673236657565
0.0,0.0,18.961,20.6,1673236657670
0.0,0.0,18.951,20.6,1673236657781
0.0,0.0,18.951,20.6,1673236657897
0.0,0.0,18.951,20.6,1673236657994
0.0,0.0,18.961,20.6,1673236658104
0.0,0.0,18.982,20.6,1673236658212
0.0,0.0,18.982,20.6,1673236658316
0.0,0.0,19.003,20.6,1673236658435
0.0,0.0,19.003,20.6,1673236658537
0.0,0.0,19.013,20.6,1673236658656
0.0,0.0,19.034,20.6,1673236658760
0.0,0.0,19.024,20.6,1673236658867
0.0,0.0,19.013,20.6,1673236658976
0.0,0.0,19.003,20.6,1673236659083
0.0,0.0,19.013,20.6,1673236659197
0.0,0.0,19.024,20.6,1673236659300
0.0,0.0,19.003,20.6,1673236659413
0.0,0.0,18.982,20.6,1673236659525
0.0,0.0,18.982,20.6,1673236659630
0.0,0.0,19.003,20.6,1673236659738
0.0,0.0,18.982,20.6,1673236659849
0.0,0.0,18.982,20.6,1673236659959
0.0,0.0,18.971,20.6,1673236660079
0.0,0.0,18.982,20.6,1673236660185
0.0,0.0,18.971,20.6,1673236660287
0.0,0.0,18.982,20.6,1673236660399
0.0,0.0,18.961,20.4,1673236660507
0.0,0.0,18.961,20.4,1673236660614
0.0,0.0,18.961,20.4,1673236660719
0.0,0.0,18.971,20.4,1673236660834
0.0,0.0,18.971,20.4,1673236660930
0.0,0.0,18.94,20.4,1673236661044
0.0,0.0,18.951,20.4,1673236661156
0.0,0.0,18.961,20.4,1673236661261
0.0,0.0,18.961,20.4,1673236661369
0.0,0.0,18.971,20.4,1673236661479
0.0,0.0,18.971,20.4,1673236661591
0.0,0.0,18.992,20.4,1673236661695
0.0,0.0,19.013,20.4,1673236661805
0.0,0.0,19.003,20.4,1673236661913
0.0,0.0,19.013,20.4,1673236662024
0.0,0.0,19.013,20.4,1673236662127
0.0,0.0,19.034,20.4,1673236662242
0.0,0.0,19.055,20.4,1673236662386
0.0,0.0,19.065,20.4,1673236662455
0.0,0.0,19.065,20.4,1673236662567
0.0,0.0,19.065,20.4,1673236662673
0.0,0.0,19.065,20.4,1673236662779
0.0,0.0,19.076,20.4,1673236662895
0.0,0.0,19.065,20.4,1673236663003
0.0,0.0,19.044,20.4,1673236663230
0.0,0.0,19.044,20.4,1673236663339
0.0,0.0,19.044,20.4,1673236663442
0.0,0.0,19.055,20.4,1673236663554
0.0,0.0,19.034,20.4,1673236663660
0.0,0.0,19.044,20.4,1673236663790
0.0,0.0,19.044,20.4,1673236663878
0.0,0.0,19.034,20.4,1673236663989
0.0,0.0,19.024,20.4,1673236664093
0.0,0.0,19.034,20.4,1673236664215
0.0,0.0,19.044,20.4,1673236664318
0.0,0.0,19.065,20.4,1673236664435
0.0,0.0,19.086,20.4,1673236664536
0.0,0.0,19.086,20.4,1673236664641
0.0,0.0,19.096,20.4,1673236664749
0.0,0.0,19.096,20.4,1673236664858
0.0,0.0,19.117,20.4,1673236664969
0.0,0.0,19.086,20.4,1673236665081
0.0,0.0,19.086,20.4,1673236665217
0.0,0.0,19.086,20.4,1673236665295
0.0,0.0,19.096,20.4,1673236665402
0.0,0.0,19.076,20.4,1673236665516
0.0,0.0,19.055,20.4,1673236665626
0.0,0.0,19.024,20.4,1673236665734
0.0,0.0,18.992,20.4,1673236665849
0.0,0.0,19.003,20.4,1673236665962
0.0,0.0,18.992,20.4,1673236666065
0.0,0.0,19.003,20.4,1673236666176
0.0,0.0,18.982,20.4,1673236666284
0.0,0.0,18.992,20.4,1673236666394
0.0,0.0,18.992,20.4,1673236666499
0.0,0.0,18.992,20.4,1673236666607
0.0,0.0,18.971,20.4,1673236666728
0.0,0.0,18.961,20.4,1673236666830
0.0,0.0,18.982,20.4,1673236666932
0.0,0.0,19.024,20.4,1673236667044
0.0,0.0,19.034,20.4,1673236667149
0.0,0.0,19.044,20.4,1673236667263
0.0,0.0,19.044,20.4,1673236667397
0.0,0.0,19.055,20.4,1673236667484
0.0,0.0,19.065,20.4,1673236667590
0.0,0.0,19.086,20.4,1673236667699
0.0,0.0,19.107,20.4,1673236667809
0.0,0.0,19.117,20.4,1673236667922
0.0,0.0,19.128,20.4,1673236668030
0.0,0.0,19.148,20.4,1673236668138
0.0,0.0,19.128,20.4,1673236668261
0.0,0.0,19.107,20.4,1673236668359
0.0,0.0,19.086,20.4,1673236668469
0.0,0.0,19.065,20.4,1673236668578
0.0,0.0,19.055,20.4,1673236668686
0.0,0.0,19.044,20.4,1673236668794
0.0,0.0,19.044,20.4,1673236669017
0.0,0.0,19.013,20.4,1673236669122
0.0,0.0,18.992,20.4,1673236669229
0.0,0.0,18.982,20.4,1673236669340
0.0,0.0,18.992,20.4,1673236669490
0.0,0.0,18.982,20.4,1673236669558
0.0,0.0,18.982,20.4,1673236669662
0.0,0.0,18.971,20.4,1673236669772
0.0,0.0,19.003,20.4,1673236669884
0.0,0.0,19.024,20.4,1673236669990
0.0,0.0,19.044,20.4,1673236670101
0.0,0.0,19.044,20.4,1673236670209
0.0,0.0,19.065,20.4,1673236670320
0.0,0.0,19.086,20.4,1673236670431
0.0,0.0,19.086,20.4,1673236670538
0.0,0.0,19.076,20.4,1673236670650
0.0,0.0,19.076,20.4,1673236670758
0.0,0.0,19.086,20.4,1673236670864
0.0,0.0,19.076,20.4,1673236670981
0.0,0.0,19.107,20.4,1673236671168
0.0,0.0,19.086,20.4,1673236671194
0.0,0.0,19.076,20.4,1673236671303
0.0,0.0,19.076,20.4,1673236671416
0.0,0.0,19.065,20.4,1673236671548
0.0,0.0,19.055,20.4,1673236671650
0.0,0.0,19.065,20.4,1673236671751
0.0,0.0,19.065,20.4,1673236671890
0.0,0.0,19.065,20.4,1673236671995
0.0,0.0,19.065,20.4,1673236672089
0.0,0.0,19.055,20.4,1673236672189
0.0,0.0,19.055,20.4,1673236672286
0.0,0.0,19.034,20.4,1673236672394
0.0,0.0,19.024,20.4,1673236672508
0.0,0.0,19.024,20.4,1673236672651
0.0,0.0,19.024,20.4,1673236672723
0.0,0.0,19.013,20.4,1673236672833
0.0,0.0,19.024,20.4,1673236672947
0.0,0.0,18.992,20.4,1673236673051
0.0,0.0,18.992,20.4,1673236673160
0.0,0.0,18.982,20.4,1673236673268
0.0,0.0,18.992,20.4,1673236673378
0.0,0.0,18.992,20.4,1673236673489
0.0,0.0,18.992,20.4,1673236673597
0.0,0.0,19.003,20.4,1673236673712
0.0,0.0,19.013,20.4,1673236673815
0.0,0.0,19.024,20.4,1673236673923
0.0,0.0,19.024,20.4,1673236674049
0.0,0.0,19.013,20.4,1673236674142
0.0,0.0,19.003,20.4,1673236674263
0.0,0.0,19.003,20.4,1673236674358
0.0,0.0,19.024,20.4,1673236674466
0.0,0.0,19.024,20.4,1673236674578
0.0,0.0,19.034,20.4,1673236674691
0.0,0.0,19.044,20.4,1673236674823
0.0,0.0,19.044,20.4,1673236674906
0.0,0.0,19.034,20.4,1673236675018
0.0,0.0,19.013,20.4,1673236675124
0.0,0.0,19.003,20.4,1673236675236
0.0,0.0,19.003,20.4,1673236675338
0.0,0.0,19.024,20.4,1673236675464
0.0,0.0,19.034,20.2,1673236675561
0.0,0.0,19.044,20.2,1673236675670
0.0,0.0,19.044,20.2,1673236675777
0.0,0.0,19.024,20.2,1673236675893
0.0,0.0,18.992,20.2,1673236675995
0.0,0.0,18.992,20.2,1673236676104
0.0,0.0,18.992,20.2,1673236676217
0.0,0.0,18.992,20.2,1673236676320
0.0,0.0,19.024,20.2,1673236676430
0.0,0.0,19.024,20.2,1673236676539
0.0,0.0,19.024,20.2,1673236676646
0.0,0.0,19.034,20.2,1673236676756
0.0,0.0,19.034,20.2,1673236676860
0.0,0.0,19.013,20.2,1673236676990
0.0,0.0,18.992,20.2,1673236677087
0.0,0.0,19.003,20.2,1673236677198
0.0,0.0,19.024,20.2,1673236677303
0.0,0.0,19.024,20.2,1673236677412
0.0,0.0,19.024,20.2,1673236677519
0.0,0.0,19.013,20.2,1673236677665
0.0,0.0,19.003,20.2,1673236677737
0.0,0.0,19.013,20.2,1673236677850
0.0,0.0,19.024,20.2,1673236677961
0.0,0.0,19.034,20.2,1673236678066
0.0,0.0,19.034,20.2,1673236678174
0.0,0.0,19.076,20.2,1673236678318
0.0,0.0,19.117,20.2,1673236678393
0.0,0.0,19.107,20.2,1673236678502
0.0,0.0,19.107,20.2,1673236678611
0.0,0.0,19.117,20.2,1673236678719
0.0,0.0,19.117,20.2,1673236678829
0.0,0.0,19.128,20.2,1673236678938
0.0,0.0,19.138,20.2,1673236679049
0.0,0.0,19.138,20.2,1673236679154
0.0,0.0,19.107,20.2,1673236679263
0.0,0.0,19.065,20.2,1673236679378
0.0,0.0,19.055,20.2,1673236679487
0.0,0.0,19.003,20.2,1673236679602
0.0,0.0,18.961,20.2,1673236679705
0.0,0.0,18.961,20.2,1673236679811
0.0,0.0,18.951,20.2,1673236679939
0.0,0.0,18.951,20.2,1673236680031
0.0,0.0,18.93,20.2,1673236680136
0.0,0.0,18.94,20.2,1673236680244
0.0,0.0,18.94,20.2,1673236680350
0.0,0.0,18.94,20.2,1673236680460
0.0,0.0,18.982,20.2,1673236680591
0.0,0.0,19.024,20.2,1673236680678
0.0,0.0,19.044,20.2,1673236680789
0.0,0.0,19.076,20.2,1673236680894
0.0,0.0,19.086,20.2,1673236681008
0.0,0.0,19.096,20.2,1673236681114
0.0,0.0,19.117,20.2,1673236681229
0.0,0.0,19.128,20.2,1673236681363
0.0,0.0,19.128,20.2,1673236681441
0.0,0.0,19.117,20.2,1673236681554
0.0,0.0,19.107,20.2,1673236681661
0.0,0.0,19.107,20.2,1673236681771
0.0,0.0,19.107,20.2,1673236681878
0.0,0.0,19.086,20.2,1673236681991
0.0,0.0,19.086,20.2,1673236682101
0.0,0.0,19.107,20.2,1673236682206
0.0,0.0,19.107,20.2,1673236682315
0.0,0.0,19.117,20.2,1673236682424
0.0,0.0,19.096,20.2,1673236682534
0.0,0.0,19.096,20.2,1673236682641
0.0,0.0,19.096,20.2,1673236682746
0.0,0.0,19.117,20.2,1673236682867
0.0,0.0,19.138,20.2,1673236682972
0.0,0.0,19.128,20.2,1673236683078
0.0,0.0,19.107,20.2,1673236683191
0.0,0.0,19.107,20.2,1673236683297
0.0,0.0,19.107,20.2,1673236683406
0.0,0.0,19.096,20.2,1673236683514
0.0,0.0,19.096,20.2,1673236683630
0.0,0.0,19.086,20.2,1673236683729
0.0,0.0,19.107,20.2,1673236683842
0.0,0.0,19.107,20.2,1673236683950
0.0,0.0,19.086,20.2,1673236684066
0.0,0.0,19.086,20.2,1673236684176
0.0,0.0,19.055,20.2,1673236684286
0.0,0.0,19.055,20.2,1673236684386
0.0,0.0,19.044,20.2,1673236684500
0.0,0.0,19.065,20.2,1673236684608
0.0,0.0,19.044,20.2,1673236684717
0.0,0.0,19.024,20.2,1673236684828
0.0,0.0,19.024,20.2,1673236684960
0.0,0.0,19.024,20.2,1673236685037
0.0,0.0,18.992,20.2,1673236685150
0.0,0.0,18.992,20.2,1673236685258
0.0,0.0,18.982,20.2,1673236685366
0.0,0.0,18.951,20.2,1673236685480
0.0,0.0,18.951,20.2,1673236685582
0.0,0.0,18.951,20.2,1673236685717
0.0,0.0,18.961,20.2,1673236685796
0.0,0.0,18.93,20.2,1673236685911
0.0,0.0,18.951,20.2,1673236686016
0.0,0.0,18.951,20.2,1673236686120
0.0,0.0,18.94,20.2,1673236686243
0.0,0.0,18.94,20.2,1673236686339
0.0,0.0,18.961,20.2,1673236686446
0.0,0.0,18.951,20.2,1673236686556
0.0,0.0,18.961,20.2,1673236686665
0.0,0.0,19.003,20.2,1673236686773
0.0,0.0,19.024,20.2,1673236686880
0.0,0.0,19.003,20.2,1673236686994
0.0,0.0,19.034,20.2,1673236687107
0.0,0.0,19.044,20.2,1673236687210
0.0,0.0,19.044,20.2,1673236687320
0.0,0.0,19.055,20.2,1673236687430
0.0,0.0,19.065,20.2,1673236687539
0.0,0.0,19.055,20.2,1673236687644
0.0,0.0,19.034,20.2,1673236687756
0.0,0.0,19.013,20.2,1673236687871
0.0,0.0,19.003,20.2,1673236687974
0.0,0.0,18.971,20.2,1673236688087
0.0,0.0,18.961,20.2,1673236688192
0.0,0.0,18.982,20.2,1673236688306
0.0,0.0,18.93,20.2,1673236688411
0.0,0.0,18.93,20.2,1673236688521
0.0,0.0,18.93,20.2,1673236688626
0.0,0.0,18.919,20.2,1673236688736
0.0,0.0,18.951,20.2,1673236688842
0.0,0.0,18.982,20.2,1673236688955
0.0,0.0,19.003,20.2,1673236689058
0.0,0.0,19.034,20.2,1673236689173
0.0,0.0,19.034,20.2,1673236689288
0.0,0.0,19.055,20.2,1673236689388
0.0,0.0,19.044,20.2,1673236689497
0.0,0.0,19.055,20.2,1673236689607
0.0,0.0,19.096,20.2,1673236689716
0.0,0.0,19.096,20.2,1673236689822
0.0,0.0,19.107,20.2,1673236689935
0.0,0.0,19.107,20.2,1673236690062
0.0,0.0,19.086,20.2,1673236690150
0.0,0.0,19.055,20.2,1673236690262
0.0,0.0,19.034,20.2,1673236690382
0.0,0.0,19.055,20.0,1673236690480
0.0,0.0,19.065,20.0,1673236690587
0.0,0.0,19.076,20.0,1673236690702
0.0,0.0,19.086,20.0,1673236690816
0.0,0.0,19.086,20.0,1673236690969
0.0,0.0,19.076,20.0,1673236691051
0.0,0.0,19.065,20.0,1673236691142
0.0,0.0,19.065,20.0,1673236691246
0.0,0.0,19.065,20.0,1673236691353
0.0,0.0,19.086,20.0,1673236691462
0.0,0.0,19.128,20.0,1673236691573
0.0,0.0,19.117,20.0,1673236691684
0.0,0.0,19.096,20.0,1673236691796
0.0,0.0,19.055,20.0,1673236691929
0.0,0.0,19.044,20.0,1673236692030
0.0,0.0,19.013,20.0,1673236692149
0.0,0.0,19.024,20.0,1673236692284
0.0,0.0,19.013,20.0,1673236692375
0.0,0.0,19.013,20.0,1673236692474
0.0,0.0,19.013,20.0,1673236692559
0.0,0.0,18.992,20.0,1673236692665
0.0,0.0,18.951,20.0,1673236692779
0.0,0.0,18.919,20.0,1673236692882
0.0,0.0,18.919,20.0,1673236692989
0.0,0.0,18.93,20.0,1673236693105
0.0,0.0,18.971,20.0,1673236693209
0.0,0.0,18.971,20.0,1673236693317
0.0,0.0,19.003,20.0,1673236693425
0.0,0.0,18.971,20.0,1673236693533
0.0,0.0,18.961,20.0,1673236693671
0.0,0.0,18.951,20.0,1673236693749
0.0,0.0,18.951,20.0,1673236693859
0.0,0.0,18.951,20.0,1673236693969
0.0,0.0,18.982,20.0,1673236694075
0.0,0.0,19.003,20.0,1673236694183
0.0,0.0,18.982,20.0,1673236694294
0.0,0.0,18.971,20.0,1673236694406
0.0,0.0,18.951,20.0,1673236694515
0.0,0.0,18.961,20.0,1673236694624
0.0,0.0,18.951,20.0,1673236694735
0.0,0.0,18.971,20.0,1673236694842
0.0,0.0,19.003,20.0,1673236694946
0.0,0.0,19.013,20.0,1673236695055
0.0,0.0,19.044,20.0,1673236695202
0.0,0.0,19.055,20.0,1673236695274
0.0,0.0,19.034,20.0,1673236695387
0.0,0.0,19.024,20.0,1673236695499
0.0,0.0,19.034,20.0,1673236695605
0.0,0.0,19.044,20.0,1673236695716
0.0,0.0,19.044,20.0,1673236695821
0.0,0.0,19.034,20.0,1673236695934
0.0,0.0,19.024,20.0,1673236696041
0.0,0.0,19.024,20.0,1673236696147
0.0,0.0,19.013,20.0,1673236696258
0.0,0.0,19.003,20.0,1673236696369
0.0,0.0,18.971,20.0,1673236696477
0.0,0.0,18.961,20.0,1673236696584
0.0,0.0,18.982,20.0,1673236696804
0.0,0.0,18.992,20.0,1673236696908
0.0,0.0,19.003,20.0,1673236697022
0.0,0.0,19.003,20.0,1673236697128
0.0,0.0,19.003,20.0,1673236697235
0.0,0.0,19.024,20.0,1673236697347
0.0,0.0,19.034,20.0,1673236697461
0.0,0.0,19.034,20.0,1673236697570
0.0,0.0,19.055,20.0,1673236697689
0.0,0.0,19.086,20.0,1673236697791
0.0,0.0,19.096,20.0,1673236697897
0.0,0.0,19.096,20.0,1673236698029
0.0,0.0,19.076,20.0,1673236698114
0.0,0.0,19.076,20.0,1673236698221
0.0,0.0,19.065,20.0,1673236698336
0.0,0.0,19.086,20.0,1673236698438
0.0,0.0,19.076,20.0,1673236698547
0.0,0.0,19.065,20.0,1673236698654
0.0,0.0,19.055,20.0,1673236698781
0.0,0.0,19.044,20.0,1673236698875
0.0,0.0,18.992,20.0,1673236698984
0.0,0.0,18.971,20.0,1673236699094
0.0,0.0,18.961,20.0,1673236699202
0.0,0.0,18.961,20.0,1673236699311
0.0,0.0,18.971,20.0,1673236699418
0.0,0.0,18.971,20.0,1673236699528
0.0,0.0,18.971,20.0,1673236699634
0.0,0.0,18.951,20.0,1673236699742
0.0,0.0,18.961,20.0,1673236699847
0.0,0.0,18.951,20.0,1673236699962
0.0,0.0,18.93,20.0,1673236700067
0.0,0.0,18.961,20.0,1673236700177
0.0,0.0,19.013,20.0,1673236700309
0.0,0.0,19.013,20.0,1673236700390
0.0,0.0,19.013,20.0,1673236700506
0.0,0.0,19.024,20.0,1673236700611
0.0,0.0,19.003,20.0,1673236700723
0.0,0.0,19.003,20.0,1673236700826
0.0,0.0,19.013,20.0,1673236700937
0.0,0.0,19.024,20.0,1673236701053
0.0,0.0,19.034,20.0,1673236701159
0.0,0.0,19.044,20.0,1673236701268
0.0,0.0,19.044,20.0,1673236701376
0.0,0.0,19.024,20.0,1673236701484
0.0,0.0,18.971,20.0,1673236701593
0.0,0.0,18.971,20.0,1673236701701
0.0,0.0,18.971,20.0,1673236701808
0.0,0.0,18.951,20.0,1673236701916
0.0,0.0,18.951,20.0,1673236702025
0.0,0.0,18.94,20.0,1673236702134
0.0,0.0,18.94,20.0,1673236702242
0.0,0.0,18.93,20.0,1673236702351
0.0,0.0,18.909,20.0,1673236702488
0.0,0.0,18.899,20.0,1673236702568
0.0,0.0,18.899,20.0,1673236702673
0.0,0.0,18.94,20.0,1673236702781
0.0,0.0,18.961,20.0,1673236702888
0.0,0.0,18.982,20.0,1673236702997
0.0,0.0,18.971,20.0,1673236703105
0.0,0.0,18.992,20.0,1673236703217
0.0,0.0,19.003,20.0,1673236703324
0.0,0.0,19.003,20.0,1673236703435
0.0,0.0,18.982,20.0,1673236703542
0.0,0.0,18.982,20.0,1673236703651
0.0,0.0,18.992,20.0,1673236703760
0.0,0.0,18.992,20.0,1673236703906
0.0,0.0,19.003,20.0,1673236703979
0.0,0.0,18.951,20.0,1673236704086
0.0,0.0,18.93,20.0,1673236704196
0.0,0.0,18.919,20.0,1673236704303
0.0,0.0,18.93,20.0,1673236704414
0.0,0.0,18.919,20.0,1673236704522
0.0,0.0,18.93,20.0,1673236704632
0.0,0.0,18.93,20.0,1673236704856
0.0,0.0,18.94,20.0,1673236704956
0.0,0.0,18.94,20.0,1673236705065
0.0,0.0,18.982,20.0,1673236705170
0.0,0.0,19.003,20.0,1673236705282
0.0,0.0,18.992,20.0,1673236705411
0.0,0.0,19.003,20.0,1673236705499
0.0,0.0,19.013,20.0,1673236705611
0.0,0.0,19.034,20.0,1673236705735
0.0,0.0,19.044,20.0,1673236705828
0.0,0.0,19.055,20.0,1673236705935
0.0,0.0,19.055,20.0,1673236706046
0.0,0.0,19.055,20.0,1673236706153
0.0,0.0,19.065,20.0,1673236706268
0.0,0.0,19.065,20.0,1673236706376
0.0,0.0,19.044,20.0,1673236706485
0.0,0.0,18.982,20.0,1673236706593
0.0,0.0,18.982,20.0,1673236706702
0.0,0.0,19.013,20.0,1673236706821
0.0,0.0,19.024,20.0,1673236706924
0.0,0.0,19.003,20.0,1673236707045
0.0,0.0,19.013,20.0,1673236707142
0.0,0.0,18.982,20.0,1673236707254
0.0,0.0,18.992,20.0,1673236707361
0.0,0.0,18.992,20.0,1673236707467
0.0,0.0,18.971,20.0,1673236707575
0.0,0.0,18.961,20.0,1673236707699
0.0,0.0,18.971,20.0,1673236707795
0.0,0.0,19.034,20.0,1673236707902
0.0,0.0,19.055,20.0,1673236708010
0.0,0.0,19.024,20.0,1673236708122
0.0,0.0,18.992,20.0,1673236708230
0.0,0.0,19.024,20.0,1673236708340
0.0,0.0,19.013,20.0,1673236708450
0.0,0.0,19.024,20.0,1673236708558
0.0,0.0,19.044,20.0,1673236708670
0.0,0.0,19.044,20.0,1673236708778
0.0,0.0,19.055,20.0,1673236708887
0.0,0.0,19.065,20.0,1673236708994
0.0,0.0,19.076,20.0,1673236709112
0.0,0.0,19.034,20.0,1673236709220
0.0,0.0,19.003,20.0,1673236709325
0.0,0.0,19.003,20.0,1673236709436
0.0,0.0,19.013,20.0,1673236709545
0.0,0.0,18.992,20.0,1673236709661
0.0,0.0,18.971,20.0,1673236709763
0.0,0.0,18.971,20.0,1673236709870
0.0,0.0,18.951,20.0,1673236709979
0.0,0.0,18.919,20.0,1673236710087
0.0,0.0,18.919,20.0,1673236710195
0.0,0.0,18.909,20.0,1673236710302
0.0,0.0,18.909,20.0,1673236710446
0.0,0.0,18.899,20.0,1673236710521
0.0,0.0,18.909,20.0,1673236710624
0.0,0.0,18.909,20.0,1673236710736
0.0,0.0,18.919,20.0,1673236710840
0.0,0.0,18.899,20.0,1673236710982
0.0,0.0,18.919,20.0,1673236711076
0.0,0.0,18.919,20.0,1673236711180
0.0,0.0,18.93,20.0,1673236711349
0.0,0.0,18.93,20.0,1673236711387
0.0,0.0,18.94,19.8,1673236711493
0.0,0.0,18.94,19.8,1673236711602
0.0,0.0,18.951,19.8,1673236711713
0.0,0.0,18.982,19.8,1673236711816
0.0,0.0,18.992,19.8,1673236711935
0.0,0.0,18.982,19.8,1673236712037
0.0,0.0,18.961,19.8,1673236712146
0.0,0.0,18.982,19.8,1673236712302
0.0,0.0,19.003,19.8,1673236712409
0.0,0.0,18.992,19.8,1673236712474
0.0,0.0,18.992,19.8,1673236712589
0.0,0.0,19.003,19.8,1673236712722
0.0,0.0,18.992,19.8,1673236712800
0.0,0.0,18.992,19.8,1673236712909
0.0,0.0,18.961,19.8,1673236713025
0.0,0.0,18.951,19.8,1673236713128
0.0,0.0,18.971,19.8,1673236713235
0.0,0.0,18.982,19.8,1673236713343
0.0,0.0,18.982,19.8,1673236713449
0.0,0.0,18.961,19.8,1673236713574
0.0,0.0,18.961,19.8,1673236713680
0.0,0.0,18.971,19.8,1673236713778
0.0,0.0,18.971,19.8,1673236713884
0.0,0.0,18.971,19.8,1673236713993
0.0,0.0,18.982,19.8,1673236714130
0.0,0.0,18.982,19.8,1673236714215
0.0,0.0,19.013,19.8,1673236714322
0.0,0.0,19.003,19.8,1673236714428
0.0,0.0,18.961,19.8,1673236714539
0.0,0.0,18.961,19.8,1673236714646
0.0,0.0,18.961,19.8,1673236714752
0.0,0.0,18.982,19.8,1673236714877
0.0,0.0,18.992,19.8,1673236714967
0.0,0.0,18.971,19.8,1673236715081
0.0,0.0,18.971,19.8,1673236715187
0.0,0.0,18.94,19.8,1673236715295
0.0,0.0,18.909,19.8,1673236715401
0.0,0.0,18.909,19.8,1673236715510
0.0,0.0,18.899,19.8,1673236715618
0.0,0.0,18.899,19.8,1673236715729
0.0,0.0,18.94,19.8,1673236715834
0.0,0.0,18.94,19.8,1673236715941
0.0,0.0,18.94,19.8,1673236716052
0.0,0.0,18.919,19.8,1673236716157
0.0,0.0,18.909,19.8,1673236716288
0.0,0.0,18.93,19.8,1673236716372
0.0,0.0,18.961,19.8,1673236716482
0.0,0.0,18.992,19.8,1673236716590
0.0,0.0,19.024,19.8,1673236716700
0.0,0.0,19.013,19.8,1673236716815
0.0,0.0,19.013,19.8,1673236716914
0.0,0.0,19.034,19.8,1673236717028
0.0,0.0,18.982,19.8,1673236717159
0.0,0.0,18.961,19.8,1673236717244
0.0,0.0,18.961,19.8,1673236717351
0.0,0.0,18.971,19.8,1673236717458
0.0,0.0,18.971,19.8,1673236717565
0.0,0.0,18.951,19.8,1673236717674
0.0,0.0,18.93,19.8,1673236717807
0.0,0.0,18.919,19.8,1673236717890
0.0,0.0,18.919,19.8,1673236717998
0.0,0.0,18.919,19.8,1673236718103
0.0,0.0,18.909,19.8,1673236718219
0.0,0.0,18.909,19.8,1673236718321
0.0,0.0,18.961,19.8,1673236718459
0.0,0.0,18.971,19.8,1673236718538
0.0,0.0,18.971,19.8,1673236718646
0.0,0.0,18.971,19.8,1673236718753
0.0,0.0,18.971,19.8,1673236718861
0.0,0.0,18.971,19.8,1673236718967
0.0,0.0,18.982,19.8,1673236719080
0.0,0.0,18.992,19.8,1673236719183
0.0,0.0,18.971,19.8,1673236719325
0.0,0.0,19.003,19.8,1673236719401
0.0,0.0,19.003,19.8,1673236719513
0.0,0.0,18.992,19.8,1673236719618
0.0,0.0,18.961,19.8,1673236719727
0.0,0.0,18.951,19.8,1673236719835
0.0,0.0,18.951,19.8,1673236719947
0.0,0.0,18.951,19.8,1673236720078
0.0,0.0,18.951,19.8,1673236720158
0.0,0.0,18.94,19.8,1673236720267
0.0,0.0,18.94,19.8,1673236720375
0.0,0.0,18.951,19.8,1673236720484
0.0,0.0,18.919,19.8,1673236720596
0.0,0.0,18.888,19.8,1673236720721
0.0,0.0,18.888,19.8,1673236720809
0.0,0.0,18.888,19.8,1673236720913
0.0,0.0,18.899,19.8,1673236721023
0.0,0.0,18.888,19.8,1673236721131
0.0,0.0,18.899,19.8,1673236721241
0.0,0.0,18.899,19.8,1673236721345
0.0,0.0,18.899,19.8,1673236721476
0.0,0.0,18.919,19.8,1673236721562
0.0,0.0,18.909,19.8,1673236721672
0.0,0.0,18.909,19.8,1673236721778
0.0,0.0,18.951,19.8,1673236721887
0.0,0.0,18.971,19.8,1673236721994
0.0,0.0,18.961,19.8,1673236722102
0.0,0.0,18.971,19.8,1673236722207
0.0,0.0,18.982,19.8,1673236722318
0.0,0.0,19.003,19.8,1673236722426
0.0,0.0,19.024,19.8,1673236722541
0.0,0.0,19.034,19.8,1673236722654
0.0,0.0,19.034,19.8,1673236722757
0.0,0.0,19.024,19.8,1673236722868
0.0,0.0,19.034,19.8,1673236722976
0.0,0.0,19.024,19.8,1673236723086
0.0,0.0,19.013,19.8,1673236723199
0.0,0.0,19.034,19.8,1673236723306
0.0,0.0,19.044,19.8,1673236723415
0.0,0.0,19.024,19.8,1673236723523
0.0,0.0,19.024,19.8,1673236723658
0.0,0.0,19.003,19.8,1673236723738
0.0,0.0,18.992,19.8,1673236723854
0.0,0.0,18.992,19.8,1673236723958
0.0,0.0,18.992,19.8,1673236724067
0.0,0.0,19.003,19.8,1673236724175
0.0,0.0,19.013,19.8,1673236724287
0.0,0.0,19.013,19.8,1673236724400
0.0,0.0,19.013,19.8,1673236724502
0.0,0.0,18.982,19.8,1673236724612
0.0,0.0,18.971,19.8,1673236724719
0.0,0.0,18.992,19.8,1673236724829
0.0,0.0,18.992,19.8,1673236724935
0.0,0.0,18.992,19.8,1673236725072
0.0,0.0,18.982,19.8,1673236725155
0.0,0.0,18.971,19.8,1673236725265
0.0,0.0,18.971,19.8,1673236725370
0.0,0.0,18.971,19.8,1673236725479
0.0,0.0,18.951,19.8,1673236725596
0.0,0.0,18.951,19.8,1673236725693
0.0,0.0,18.93,19.8,1673236725805
0.0,0.0,18.93,19.8,1673236725917
0.0,0.0,18.94,19.8,1673236726018
0.0,0.0,18.94,19.8,1673236726123
0.0,0.0,18.93,19.8,1673236726234
0.0,0.0,18.961,19.8,1673236726344
0.0,0.0,18.961,19.8,1673236726448
0.0,0.0,18.951,19.8,1673236726553
0.0,0.0,18.951,19.8,1673236726776
0.0,0.0,18.94,19.8,1673236726877
0.0,0.0,18.951,19.8,1673236726982
0.0,0.0,18.94,19.8,1673236727093
0.0,0.0,18.951,19.8,1673236727200
0.0,0.0,18.961,19.8,1673236727346
0.0,0.0,18.971,19.8,1673236727416
0.0,0.0,18.982,19.8,1673236727524
0.0,0.0,19.003,19.8,1673236727639
0.0,0.0,18.982,19.8,1673236727741
0.0,0.0,18.992,19.8,1673236727852
0.0,0.0,19.024,19.8,1673236727958
0.0,0.0,19.024,19.8,1673236728181
0.0,0.0,19.024,19.8,1673236728287
0.0,0.0,19.034,19.8,1673236728393
0.0,0.0,19.034,19.8,1673236728506
0.0,0.0,19.024,19.8,1673236728611
0.0,0.0,19.024,19.8,1673236728743
0.0,0.0,18.992,19.8,1673236728830
0.0,0.0,18.971,19.8,1673236728939
0.0,0.0,18.919,19.8,1673236729052
0.0,0.0,18.919,19.8,1673236729166
0.0,0.0,18.909,19.8,1673236729270
0.0,0.0,18.899,19.8,1673236729377
0.0,0.0,18.888,19.8,1673236729478
0.0,0.0,18.888,19.8,1673236729608
0.0,0.0,18.888,19.8,1673236729699
0.0,0.0,18.899,19.8,1673236729808
0.0,0.0,18.888,19.8,1673236729918
0.0,0.0,18.888,19.8,1673236730021
0.0,0.0,18.899,19.8,1673236730139
0.0,0.0,18.919,19.8,1673236730240
0.0,0.0,18.94,19.8,1673236730346
0.0,0.0,18.951,19.8,1673236730454
0.0,0.0,18.951,19.8,1673236730562
0.0,0.0,18.951,19.8,1673236730670
0.0,0.0,18.961,19.8,1673236730783
0.0,0.0,18.961,19.8,1673236730894
0.0,0.0,18.951,19.8,1673236731011
0.0,0.0,18.909,19.8,1673236731136
0.0,0.0,18.93,19.8,1673236731263
0.0,0.0,18.93,19.8,1673236731351
0.0,0.0,18.919,19.8,1673236731449
0.0,0.0,18.919,19.8,1673236731564
0.0,0.0,18.94,19.8,1673236731682
0.0,0.0,18.951,19.8,1673236731798
0.0,0.0,18.971,19.8,1673236731893
0.0,0.0,18.971,19.8,1673236731985
0.0,0.0,18.971,19.8,1673236732084
0.0,0.0,18.982,19.8,1673236732189
0.0,0.0,18.982,19.8,1673236732294
0.0,0.0,18.992,19.8,1673236732413
0.0,0.0,18.992,19.6,1673236732508
0.0,0.0,18.992,19.6,1673236732616
0.0,0.0,18.982,19.6,1673236732730
0.0,0.0,18.982,19.6,1673236732834
0.0,0.0,18.94,19.6,1673236732945
0.0,0.0,18.919,19.6,1673236733051
0.0,0.0,18.909,19.6,1673236733197
0.0,0.0,18.899,19.6,1673236733265
0.0,0.0,18.888,19.6,1673236733377
0.0,0.0,18.888,19.6,1673236733484
0.0,0.0,18.888,19.6,1673236733588
0.0,0.0,18.899,19.6,1673236733702
0.0,0.0,18.919,19.6,1673236733837
0.0,0.0,18.94,19.6,1673236733921
0.0,0.0,18.93,19.6,1673236734025
0.0,0.0,18.94,19.6,1673236734133
0.0,0.0,18.961,19.6,1673236734242
0.0,0.0,18.961,19.6,1673236734347
0.0,0.0,18.951,19.6,1673236734458
0.0,0.0,18.961,19.6,1673236734563
0.0,0.0,18.951,19.6,1673236734682
0.0,0.0,18.951,19.6,1673236734779
0.0,0.0,18.971,19.6,1673236734887
0.0,0.0,18.94,19.6,1673236734995
0.0,0.0,18.909,19.6,1673236735108
0.0,0.0,18.878,19.6,1673236735283
0.0,0.0,18.878,19.6,1673236735341
0.0,0.0,18.867,19.6,1673236735427
0.0,0.0,18.857,19.6,1673236735536
0.0,0.0,18.847,19.6,1673236735643
0.0,0.0,18.878,19.6,1673236735755
0.0,0.0,18.888,19.6,1673236735858
0.0,0.0,18.93,19.6,1673236735968
0.0,0.0,18.94,19.6,1673236736076
0.0,0.0,18.909,19.6,1673236736185
0.0,0.0,18.93,19.6,1673236736290
0.0,0.0,18.93,19.6,1673236736401
0.0,0.0,18.951,19.6,1673236736509
0.0,0.0,18.971,19.6,1673236736618
0.0,0.0,18.971,19.6,1673236736735
0.0,0.0,18.982,19.6,1673236736835
0.0,0.0,18.992,19.6,1673236736943
0.0,0.0,18.971,19.6,1673236737056
0.0,0.0,18.961,19.6,1673236737159
0.0,0.0,18.93,19.6,1673236737270
0.0,0.0,18.93,19.6,1673236737373
0.0,0.0,18.951,19.6,1673236737482
0.0,0.0,18.94,19.6,1673236737602
0.0,0.0,18.951,19.6,1673236737700
0.0,0.0,18.971,19.6,1673236737808
0.0,0.0,18.992,19.6,1673236737920
0.0,0.0,19.013,19.6,1673236738025
0.0,0.0,19.003,19.6,1673236738137
0.0,0.0,19.013,19.6,1673236738286
35.16474533081055,139.60513305664062,19.013,19.6,1673236738286
0.0,0.0,19.034,19.6,1673236738352
0.0,0.0,19.034,19.6,1673236738459
0.0,0.0,19.055,19.6,1673236738567
0.0,0.0,19.044,19.6,1673236738684
0.0,0.0,19.024,19.6,1673236738788
0.0,0.0,19.024,19.6,1673236738898
0.0,0.0,19.034,19.6,1673236739019
0.0,0.0,19.003,19.6,1673236739119
0.0,0.0,18.93,19.6,1673236739228
0.0,0.0,18.93,19.6,1673236739335
0.0,0.0,18.909,19.6,1673236739440
0.0,0.0,18.888,19.6,1673236739547
0.0,0.0,18.878,19.6,1673236739670
0.0,0.0,18.867,19.6,1673236739767
0.0,0.0,18.867,19.6,1673236739873
0.0,0.0,18.888,19.6,1673236739984
0.0,0.0,18.888,19.6,1673236740093
0.0,0.0,18.899,19.6,1673236740196
0.0,0.0,18.878,19.6,1673236740311
0.0,0.0,18.888,19.6,1673236740446
0.0,0.0,18.919,19.6,1673236740524
0.0,0.0,18.94,19.6,1673236740629
0.0,0.0,18.982,19.6,1673236740738
0.0,0.0,18.992,19.6,1673236740845
0.0,0.0,19.003,19.6,1673236740958
0.0,0.0,19.013,19.6,1673236741071
0.0,0.0,19.013,19.6,1673236741202
0.0,0.0,18.971,19.6,1673236741286
0.0,0.0,18.982,19.6,1673236741398
0.0,0.0,18.992,19.6,1673236741506
0.0,0.0,19.003,19.6,1673236741614
0.0,0.0,19.013,19.6,1673236741725
0.0,0.0,19.013,19.6,1673236741838
0.0,0.0,18.982,19.6,1673236741945
0.0,0.0,18.93,19.6,1673236742058
0.0,0.0,18.888,19.6,1673236742161
0.0,0.0,18.888,19.6,1673236742268
0.0,0.0,18.888,19.6,1673236742373
0.0,0.0,18.878,19.6,1673236742481
0.0,0.0,18.899,19.6,1673236742614
0.0,0.0,18.878,19.6,1673236742699
0.0,0.0,18.857,19.6,1673236742805
0.0,0.0,18.878,19.6,1673236742919
0.0,0.0,18.867,19.6,1673236743021
0.0,0.0,18.857,19.6,1673236743127
0.0,0.0,18.878,19.6,1673236743238
0.0,0.0,18.888,19.6,1673236743370
0.0,0.0,18.919,19.6,1673236743463
0.0,0.0,18.919,19.6,1673236743562
0.0,0.0,18.94,19.6,1673236743672
0.0,0.0,18.94,19.6,1673236743778
0.0,0.0,18.94,19.6,1673236743886
0.0,0.0,18.951,19.6,1673236743993
0.0,0.0,18.961,19.6,1673236744101
0.0,0.0,18.961,19.6,1673236744210
0.0,0.0,18.961,19.6,1673236744317
0.0,0.0,18.971,19.6,1673236744423
0.0,0.0,18.971,19.6,1673236744532
0.0,0.0,18.971,19.6,1673236744638
0.0,0.0,18.971,19.6,1673236744744
0.0,0.0,18.961,19.6,1673236744870
0.0,0.0,18.94,19.6,1673236744961
0.0,0.0,18.94,19.6,1673236745068
0.0,0.0,18.919,19.6,1673236745181
0.0,0.0,18.94,19.6,1673236745286
0.0,0.0,18.93,19.6,1673236745397
0.0,0.0,18.888,19.6,1673236745507
0.0,0.0,18.888,19.6,1673236745611
0.0,0.0,18.867,19.6,1673236745725
0.0,0.0,18.867,19.6,1673236745828
0.0,0.0,18.867,19.6,1673236745935
0.0,0.0,18.878,19.6,1673236746045
0.0,0.0,18.888,19.6,1673236746149
0.0,0.0,18.899,19.6,1673236746283
0.0,0.0,18.899,19.6,1673236746365
0.0,0.0,18.909,19.6,1673236746475
0.0,0.0,18.888,19.6,1673236746579
0.0,0.0,18.888,19.6,1673236746689
0.0,0.0,18.909,19.6,1673236746796
0.0,0.0,18.919,19.6,1673236746907
0.0,0.0,18.93,19.6,1673236747011
0.0,0.0,18.93,19.6,1673236747122
0.0,0.0,18.93,19.6,1673236747226
0.0,0.0,18.909,19.6,1673236747336
0.0,0.0,18.919,19.6,1673236747443
0.0,0.0,18.93,19.6,1673236747550
0.0,0.0,18.919,19.6,1673236747677
0.0,0.0,18.919,19.6,1673236747765
0.0,0.0,18.919,19.6,1673236747881
0.0,0.0,18.919,19.6,1673236747979
0.0,0.0,18.909,19.6,1673236748093
0.0,0.0,18.899,19.6,1673236748227
0.0,0.0,18.867,19.6,1673236748328
0.0,0.0,18.836,19.6,1673236748420
0.0,0.0,18.847,19.6,1673236748522
0.0,0.0,18.857,19.6,1673236748631
0.0,0.0,18.847,19.6,1673236748737
0.0,0.0,18.826,19.6,1673236748847
0.0,0.0,18.826,19.6,1673236748957
0.0,0.0,18.847,19.6,1673236749066
0.0,0.0,18.836,19.6,1673236749169
0.0,0.0,18.857,19.6,1673236749277
0.0,0.0,18.888,19.6,1673236749386
0.0,0.0,18.909,19.6,1673236749495
0.0,0.0,18.93,19.6,1673236749607
0.0,0.0,18.961,19.6,1673236749711
0.0,0.0,18.982,19.6,1673236749821
0.0,0.0,19.003,19.6,1673236749930
0.0,0.0,19.003,19.6,1673236750038
0.0,0.0,19.013,19.6,1673236750149
0.0,0.0,19.003,19.6,1673236750269
0.0,0.0,18.992,19.6,1673236750368
0.0,0.0,19.003,19.6,1673236750474
0.0,0.0,19.013,19.6,1673236750586
0.0,0.0,18.992,19.6,1673236750715
0.0,0.0,18.971,19.6,1673236750802
0.0,0.0,18.951,19.6,1673236750918
0.0,0.0,18.94,19.6,1673236751019
0.0,0.0,18.888,19.6,1673236751130
0.0,0.0,18.888,19.6,1673236751235
0.0,0.0,18.909,19.6,1673236751349
0.0,0.0,18.909,19.6,1673236751457
0.0,0.0,18.919,19.6,1673236751560
0.0,0.0,18.919,19.6,1673236751663
0.0,0.0,18.899,19.6,1673236751777
0.0,0.0,18.867,19.6,1673236751886
0.0,0.0,18.857,19.6,1673236751996
0.0,0.0,18.878,19.6,1673236752102
0.0,0.0,18.888,19.6,1673236752237
0.0,0.0,18.888,19.6,1673236752344
0.0,0.0,18.919,19.6,1673236752423
0.0,0.0,18.888,19.6,1673236752536
0.0,0.0,18.867,19.6,1673236752640
0.0,0.0,18.867,19.6,1673236752745
0.0,0.0,18.857,19.6,1673236752857
0.0,0.0,18.867,19.6,1673236752962
0.0,0.0,18.878,19.6,1673236753071
0.0,0.0,18.909,19.6,1673236753181
0.0,0.0,18.919,19.6,1673236753288
0.0,0.0,18.93,19.6,1673236753400
0.0,0.0,18.951,19.6,1673236753514
0.0,0.0,18.961,19.6,1673236753614
0.0,0.0,18.971,19.6,1673236753723
0.0,0.0,19.003,19.6,1673236753826
0.0,0.0,19.034,19.6,1673236753936
0.0,0.0,19.034,19.6,1673236754046
0.0,0.0,19.044,19.6,1673236754155
0.0,0.0,19.024,19.6,1673236754290
0.0,0.0,19.034,19.6,1673236754374
0.0,0.0,19.013,19.6,1673236754487
0.0,0.0,19.034,19.6,1673236754597
0.0,0.0,19.034,19.6,1673236754706
0.0,0.0,18.971,19.6,1673236754818
0.0,0.0,18.961,19.6,1673236754923
0.0,0.0,18.951,19.6,1673236755059
0.0,0.0,18.951,19.6,1673236755143
0.0,0.0,18.93,19.6,1673236755242
0.0,0.0,18.919,19.6,1673236755354
0.0,0.0,18.93,19.6,1673236755459
0.0,0.0,18.93,19.6,1673236755566
0.0,0.0,18.909,19.6,1673236755704
0.0,0.0,18.93,19.6,1673236755783
0.0,0.0,18.909,19.6,1673236755890
0.0,0.0,18.909,19.6,1673236756002
0.0,0.0,18.94,19.6,1673236756106
0.0,0.0,18.94,19.6,1673236756215
0.0,0.0,18.961,19.6,1673236756322
0.0,0.0,18.961,19.6,1673236756427
0.0,0.0,18.961,19.6,1673236756550
0.0,0.0,18.951,19.6,1673236756644
0.0,0.0,18.94,19.6,1673236756754
0.0,0.0,18.93,19.6,1673236756863
0.0,0.0,18.94,19.6,1673236756971
0.0,0.0,18.919,19.6,1673236757082
0.0,0.0,18.93,19.6,1673236757186
0.0,0.0,18.909,19.6,1673236757313
0.0,0.0,18.888,19.6,1673236757405
0.0,0.0,18.867,19.6,1673236757517
0.0,0.0,18.847,19.6,1673236757623
0.0,0.0,18.815,19.6,1673236757734
0.0,0.0,18.805,19.6,1673236757840
0.0,0.0,18.805,19.6,1673236757943
0.0,0.0,18.826,19.6,1673236758061
0.0,0.0,18.815,19.6,1673236758160
0.0,0.0,18.815,19.6,1673236758267
0.0,0.0,18.836,19.6,1673236758377
0.0,0.0,18.836,19.6,1673236758483
0.0,0.0,18.867,19.6,1673236758588
0.0,0.0,18.888,19.6,1673236758701
0.0,0.0,18.909,19.6,1673236758806
0.0,0.0,18.919,19.6,1673236758915
0.0,0.0,18.951,19.6,1673236759020
0.0,0.0,18.94,19.6,1673236759140
0.0,0.0,18.961,19.6,1673236759243
0.0,0.0,18.951,19.6,1673236759380
0.0,0.0,18.951,19.6,1673236759460
0.0,0.0,18.951,19.6,1673236759562
0.0,0.0,18.94,19.6,1673236759666
0.0,0.0,18.94,19.6,1673236759780
0.0,0.0,18.919,19.6,1673236759885
0.0,0.0,18.899,19.6,1673236759998
0.0,0.0,18.899,19.6,1673236760098
0.0,0.0,18.899,19.6,1673236760207
0.0,0.0,18.888,19.6,1673236760317
0.0,0.0,18.888,19.6,1673236760425
0.0,0.0,18.857,19.6,1673236760532
0.0,0.0,18.857,19.6,1673236760638
0.0,0.0,18.857,19.6,1673236760743
0.0,0.0,18.847,19.6,1673236760873
0.0,0.0,18.847,19.6,1673236760959
0.0,0.0,18.857,19.6,1673236761072
0.0,0.0,18.847,19.6,1673236761177
0.0,0.0,18.899,19.6,1673236761282
0.0,0.0,18.909,19.6,1673236761394
0.0,0.0,18.909,19.6,1673236761502
0.0,0.0,18.909,19.6,1673236761609
0.0,0.0,18.93,19.6,1673236761724
0.0,0.0,18.951,19.6,1673236761825
0.0,0.0,18.961,19.6,1673236761934
0.0,0.0,18.971,19.6,1673236762041
0.0,0.0,18.982,19.6,1673236762148
0.0,0.0,19.003,19.6,1673236762269
0.0,0.0,18.982,19.6,1673236762412
0.0,0.0,18.992,19.6,1673236762476
0.0,0.0,18.93,19.6,1673236762587
0.0,0.0,18.919,19.6,1673236762694
0.0,0.0,18.919,19.6,1673236762800
0.0,0.0,18.909,19.6,1673236762919
0.0,0.0,18.899,19.6,1673236763040
0.0,0.0,18.888,19.6,1673236763125
0.0,0.0,18.899,19.6,1673236763233
0.0,0.0,18.888,19.6,1673236763342
0.0,0.0,18.888,19.6,1673236763449
0.0,0.0,18.867,19.6,1673236763556
0.0,0.0,18.867,19.6,1673236763671
0.0,0.0,18.857,19.6,1673236763802
0.0,0.0,18.888,19.6,1673236763883
0.0,0.0,18.888,19.6,1673236763988
0.0,0.0,18.899,19.6,1673236764105
0.0,0.0,18.909,19.6,1673236764205
0.0,0.0,18.909,19.6,1673236764315
0.0,0.0,18.899,19.6,1673236764421
0.0,0.0,18.867,19.6,1673236764566
0.0,0.0,18.867,19.6,1673236764639
0.0,0.0,18.867,19.6,1673236764742
0.0,0.0,18.888,19.6,1673236764855
0.0,0.0,18.878,19.6,1673236764960
0.0,0.0,18.888,19.6,1673236765066
0.0,0.0,18.867,19.6,1673236765177
0.0,0.0,18.867,19.6,1673236765305
0.0,0.0,18.867,19.6,1673236765387
0.0,0.0,18.878,19.6,1673236765496
0.0,0.0,18.888,19.6,1673236765607
0.0,0.0,18.909,19.6,1673236765716
0.0,0.0,18.94,19.6,1673236765820
0.0,0.0,18.93,19.6,1673236765930
0.0,0.0,18.93,19.6,1673236766060
0.0,0.0,18.94,19.6,1673236766147
0.0,0.0,18.971,19.6,1673236766259
0.0,0.0,18.992,19.6,1673236766365
0.0,0.0,18.992,19.6,1673236766476
0.0,0.0,19.013,19.6,1673236766586
0.0,0.0,19.013,19.6,1673236766808
0.0,0.0,19.044,19.6,1673236766908
0.0,0.0,19.024,19.6,1673236767028
0.0,0.0,19.003,19.6,1673236767129
0.0,0.0,19.003,19.6,1673236767240
0.0,0.0,18.982,19.6,1673236767345
0.0,0.0,18.971,19.6,1673236767493
0.0,0.0,18.94,19.6,1673236767577
0.0,0.0,18.888,19.6,1673236767674
0.0,0.0,18.878,19.6,1673236767778
0.0,0.0,18.857,19.6,1673236767891
0.0,0.0,18.826,19.6,1673236767995
0.0,0.0,18.795,19.6,1673236768103
0.0,0.0,18.763,19.6,1673236768234
0.0,0.0,18.774,19.6,1673236768321
0.0,0.0,18.795,19.6,1673236768429
0.0,0.0,18.795,19.4,1673236768541
0.0,0.0,18.815,19.4,1673236768645
0.0,0.0,18.857,19.4,1673236768758
0.0,0.0,18.888,19.4,1673236768861
0.0,0.0,18.919,19.4,1673236769003
0.0,0.0,18.93,19.4,1673236769075
0.0,0.0,18.971,19.4,1673236769194
0.0,0.0,18.982,19.4,1673236769297
0.0,0.0,19.003,19.4,1673236769406
0.0,0.0,19.024,19.4,1673236769516
0.0,0.0,19.024,19.4,1673236769665
0.0,0.0,19.024,19.4,1673236769738
0.0,0.0,19.013,19.4,1673236769845
0.0,0.0,19.003,19.4,1673236769958
0.0,0.0,18.94,19.4,1673236770066
0.0,0.0,18.919,19.4,1673236770168
0.0,0.0,18.899,19.4,1673236770275
0.0,0.0,18.888,19.4,1673236770381
0.0,0.0,18.836,19.4,1673236770496
0.0,0.0,18.836,19.4,1673236770605
0.0,0.0,18.826,19.4,1673236770715
0.0,0.0,18.815,19.4,1673236770818
0.0,0.0,18.826,19.4,1673236770940
0.0,0.0,18.815,19.4,1673236771049
0.0,0.0,18.826,19.4,1673236771177
0.0,0.0,18.836,19.4,1673236771288
0.0,0.0,18.867,19.4,1673236771394
0.0,0.0,18.909,19.4,1673236771491
0.0,0.0,18.93,19.4,1673236771592
0.0,0.0,18.93,19.4,1673236771697
0.0,0.0,18.951,19.4,1673236771833
0.0,0.0,18.951,19.4,1673236771936
0.0,0.0,18.93,19.4,1673236772034
0.0,0.0,18.93,19.4,1673236772129
0.0,0.0,18.909,19.4,1673236772227
0.0,0.0,18.909,19.4,1673236772336
0.0,0.0,18.919,19.4,1673236772439
0.0,0.0,18.909,19.4,1673236772671
0.0,0.0,18.878,19.4,1673236772765
0.0,0.0,18.826,19.4,1673236772882
0.0,0.0,18.826,19.4,1673236772979
0.0,0.0,18.826,19.4,1673236773089
0.0,0.0,18.815,19.4,1673236773199
0.0,0.0,18.826,19.4,1673236773308
0.0,0.0,18.826,19.4,1673236773415
0.0,0.0,18.826,19.4,1673236773524
0.0,0.0,18.847,19.4,1673236773630
0.0,0.0,18.847,19.4,1673236773741
0.0,0.0,18.847,19.4,1673236773843
0.0,0.0,18.857,19.4,1673236773955
0.0,0.0,18.847,19.4,1673236774067
0.0,0.0,18.878,19.4,1673236774167
0.0,0.0,18.867,19.4,1673236774274
0.0,0.0,18.888,19.4,1673236774382
0.0,0.0,18.888,19.4,1673236774491
0.0,0.0,18.899,19.4,1673236774605
0.0,0.0,18.909,19.4,1673236774707
0.0,0.0,18.909,19.4,1673236774813
0.0,0.0,18.888,19.4,1673236774922
0.0,0.0,18.878,19.4,1673236775034
0.0,0.0,18.888,19.4,1673236775145
0.0,0.0,18.878,19.4,1673236775253
0.0,0.0,18.899,19.4,1673236775361
0.0,0.0,18.899,19.4,1673236775467
0.0,0.0,18.878,19.4,1673236775597
0.0,0.0,18.847,19.4,1673236775687
0.0,0.0,18.847,19.4,1673236775790
0.0,0.0,18.847,19.4,1673236775902
0.0,0.0,18.826,19.4,1673236776007
0.0,0.0,18.826,19.4,1673236776115
0.0,0.0,18.867,19.4,1673236776254
0.0,0.0,18.888,19.4,1673236776334
0.0,0.0,18.878,19.4,1673236776437
0.0,0.0,18.888,19.4,1673236776548
0.0,0.0,18.899,19.4,1673236776654
0.0,0.0,18.899,19.4,1673236776759
0.0,0.0,18.909,19.4,1673236776888
0.0,0.0,18.93,19.4,1673236776981
0.0,0.0,18.94,19.4,1673236777083
0.0,0.0,18.961,19.4,1673236777199
0.0,0.0,18.971,19.4,1673236777305
0.0,0.0,18.992,19.4,1673236777417
0.0,0.0,18.951,19.4,1673236777521
0.0,0.0,18.94,19.4,1673236777753
0.0,0.0,18.951,19.4,1673236777848
0.0,0.0,18.94,19.4,1673236777953
0.0,0.0,18.93,19.4,1673236778063
0.0,0.0,18.93,19.4,1673236778168
0.0,0.0,18.94,19.4,1673236778278
0.0,0.0,18.93,19.4,1673236778384
0.0,0.0,18.93,19.4,1673236778501
0.0,0.0,18.888,19.4,1673236778608
0.0,0.0,18.857,19.4,1673236778713
0.0,0.0,18.857,19.4,1673236778823
0.0,0.0,18.878,19.4,1673236778923
0.0,0.0,18.888,19.4,1673236779067
0.0,0.0,18.899,19.4,1673236779142
0.0,0.0,18.909,19.4,1673236779248
0.0,0.0,18.919,19.4,1673236779358
0.0,0.0,18.899,19.4,1673236779464
0.0,0.0,18.888,19.4,1673236779578
0.0,0.0,18.899,19.4,1673236779682
0.0,0.0,18.867,19.4,1673236779794
0.0,0.0,18.899,19.4,1673236779899
0.0,0.0,18.909,19.4,1673236780007
0.0,0.0,18.909,19.4,1673236780122
0.0,0.0,18.899,19.4,1673236780222
0.0,0.0,18.899,19.4,1673236780328
0.0,0.0,18.899,19.4,1673236780436
0.0,0.0,18.878,19.4,1673236780659
0.0,0.0,18.888,19.4,1673236780760
0.0,0.0,18.899,19.4,1673236780866
0.0,0.0,18.899,19.4,1673236780975
0.0,0.0,18.909,19.4,1673236781081
0.0,0.0,18.94,19.4,1673236781189
0.0,0.0,18.94,19.4,1673236781296
0.0,0.0,18.94,19.4,1673236781514
0.0,0.0,18.94,19.4,1673236781623
0.0,0.0,18.951,19.4,1673236781728
0.0,0.0,18.951,19.4,1673236781848
0.0,0.0,18.94,19.4,1673236781947
0.0,0.0,18.94,19.4,1673236782059
0.0,0.0,18.94,19.4,1673236782162
0.0,0.0,18.93,19.4,1673236782272
0.0,0.0,18.919,19.4,1673236782380
0.0,0.0,18.899,19.4,1673236782485
0.0,0.0,18.878,19.4,1673236782595
0.0,0.0,18.867,19.4,1673236782718
0.0,0.0,18.836,19.4,1673236782813
0.0,0.0,18.836,19.4,1673236782917
0.0,0.0,18.836,19.4,1673236783025
0.0,0.0,18.826,19.4,1673236783135
0.0,0.0,18.815,19.4,1673236783247
0.0,0.0,18.826,19.4,1673236783357
0.0,0.0,18.826,19.4,1673236783454
0.0,0.0,18.826,19.4,1673236783589
0.0,0.0,18.836,19.4,1673236783672
0.0,0.0,18.836,19.4,1673236783780
0.0,0.0,18.847,19.4,1673236783888
0.0,0.0,18.867,19.4,1673236783998
0.0,0.0,18.878,19.4,1673236784112
0.0,0.0,18.888,19.4,1673236784235
0.0,0.0,18.888,19.4,1673236784322
0.0,0.0,18.919,19.4,1673236784429
0.0,0.0,18.94,19.4,1673236784540
0.0,0.0,18.94,19.4,1673236784646
0.0,0.0,18.94,19.4,1673236784751
0.0,0.0,18.951,19.4,1673236784864
0.0,0.0,18.951,19.4,1673236784974
0.0,0.0,18.971,19.4,1673236785085
0.0,0.0,18.971,19.4,1673236785181
0.0,0.0,18.961,19.4,1673236785294
0.0,0.0,18.94,19.4,1673236785400
0.0,0.0,18.94,19.4,1673236785507
0.0,0.0,18.909,19.4,1673236785614
0.0,0.0,18.867,19.4,1673236785722
0.0,0.0,18.867,19.4,1673236785831
0.0,0.0,18.857,19.4,1673236785937
0.0,0.0,18.867,19.4,1673236786047
0.0,0.0,18.847,19.4,1673236786155
0.0,0.0,18.847,19.4,1673236786273
0.0,0.0,18.826,19.4,1673236786379
0.0,0.0,18.836,19.4,1673236786495
0.0,0.0,18.836,19.4,1673236786590
0.0,0.0,18.878,19.4,1673236786698
0.0,0.0,18.888,19.4,1673236786805
0.0,0.0,18.919,19.4,1673236786911
0.0,0.0,18.94,19.4,1673236787022
0.0,0.0,18.94,19.4,1673236787125
0.0,0.0,18.94,19.4,1673236787257
35.16474151611328,139.6051483154297,18.94,19.4,1673236787257
0.0,0.0,18.94,19.4,1673236787345
0.0,0.0,18.951,19.4,1673236787445
0.0,0.0,18.961,19.4,1673236787554
0.0,0.0,18.961,19.4,1673236787663
0.0,0.0,18.951,19.4,1673236787769
0.0,0.0,18.94,19.4,1673236787878
0.0,0.0,18.909,19.4,1673236787987
0.0,0.0,18.909,19.4,1673236788094
0.0,0.0,18.899,19.4,1673236788204
0.0,0.0,18.888,19.4,1673236788310
0.0,0.0,18.888,19.4,1673236788416
0.0,0.0,18.867,19.4,1673236788541
0.0,0.0,18.878,19.4,1673236788637
0.0,0.0,18.888,19.4,1673236788746
0.0,0.0,18.888,19.4,1673236788858
0.0,0.0,18.899,19.4,1673236788958
0.0,0.0,18.909,19.4,1673236789067
0.0,0.0,18.919,19.4,1673236789176
0.0,0.0,18.93,19.4,1673236789285
0.0,0.0,18.909,19.4,1673236789397
0.0,0.0,18.888,19.4,1673236789609
0.0,0.0,18.878,19.4,1673236789719
0.0,0.0,18.888,19.4,1673236789824
0.0,0.0,18.888,19.4,1673236789938
0.0,0.0,18.857,19.4,1673236790063
0.0,0.0,18.826,19.4,1673236790155
0.0,0.0,18.836,19.4,1673236790258
0.0,0.0,18.826,19.4,1673236790365
0.0,0.0,18.826,19.4,1673236790472
0.0,0.0,18.815,19.4,1673236790581
0.0,0.0,18.826,19.4,1673236790689
0.0,0.0,18.836,19.4,1673236790794
0.0,0.0,18.867,19.4,1673236790914
0.0,0.0,18.867,19.4,1673236791015
0.0,0.0,18.867,19.4,1673236791118
0.0,0.0,18.867,19.4,1673236791233
0.0,0.0,18.899,19.4,1673236791336
0.0,0.0,18.919,19.4,1673236791448
0.0,0.0,18.909,19.4,1673236791570
0.0,0.0,18.909,19.4,1673236791665
0.0,0.0,18.899,19.4,1673236791774
0.0,0.0,18.888,19.4,1673236791876
0.0,0.0,18.899,19.4,1673236791981
0.0,0.0,18.888,19.4,1673236792088
0.0,0.0,18.878,19.4,1673236792307
0.0,0.0,18.888,19.4,1673236792317
0.0,0.0,18.888,19.4,1673236792413
0.0,0.0,18.878,19.4,1673236792521
0.0,0.0,18.867,19.4,1673236792639
0.0,0.0,18.888,19.4,1673236792739
0.0,0.0,18.899,19.4,1673236792845
0.0,0.0,18.909,19.4,1673236792954
0.0,0.0,18.899,19.4,1673236793242
0.0,0.0,18.919,19.4,1673236793252
0.0,0.0,18.919,19.4,1673236793277
0.0,0.0,18.919,19.4,1673236793389
0.0,0.0,18.919,19.4,1673236793516
0.0,0.0,18.909,19.4,1673236793604
0.0,0.0,18.899,19.4,1673236793734
0.0,0.0,18.909,19.4,1673236793820
0.0,0.0,18.899,19.4,1673236793930
0.0,0.0,18.867,19.4,1673236794035
0.0,0.0,18.847,19.4,1673236794142
0.0,0.0,18.847,19.4,1673236794249
0.0,0.0,18.857,19.4,1673236794378
0.0,0.0,18.847,19.4,1673236794466
0.0,0.0,18.847,19.4,1673236794573
0.0,0.0,18.847,19.4,1673236794683
0.0,0.0,18.857,19.4,1673236794790
0.0,0.0,18.857,19.4,1673236794895
0.0,0.0,18.867,19.4,1673236795005
0.0,0.0,18.867,19.4,1673236795110
0.0,0.0,18.867,19.4,1673236795246
0.0,0.0,18.899,19.4,1673236795327
0.0,0.0,18.919,19.4,1673236795441
0.0,0.0,18.94,19.4,1673236795551
0.0,0.0,18.94,19.4,1673236795655
0.0,0.0,18.971,19.4,1673236795767
0.0,0.0,18.982,19.4,1673236795872
0.0,0.0,19.003,19.4,1673236795983
0.0,0.0,19.003,19.4,1673236796089
0.0,0.0,19.044,19.4,1673236796198
0.0,0.0,19.013,19.4,1673236796306
0.0,0.0,19.013,19.4,1673236796415
0.0,0.0,19.003,19.4,1673236796523
0.0,0.0,18.992,19.4,1673236796652
0.0,0.0,18.992,19.4,1673236796739
0.0,0.0,18.982,19.4,1673236796854
0.0,0.0,18.971,19.4,1673236796963
0.0,0.0,18.94,19.4,1673236797073
0.0,0.0,18.93,19.4,1673236797177
0.0,0.0,18.909,19.4,1673236797284
0.0,0.0,18.899,19.4,1673236797397
0.0,0.0,18.857,19.4,1673236797501
0.0,0.0,18.847,19.4,1673236797609
0.0,0.0,18.847,19.4,1673236797720
0.0,0.0,18.847,19.4,1673236797825
0.0,0.0,18.836,19.4,1673236797935
0.0,0.0,18.826,19.4,1673236798043
0.0,0.0,18.815,19.4,1673236798151
0.0,0.0,18.815,19.4,1673236798258
0.0,0.0,18.815,19.4,1673236798363
0.0,0.0,18.836,19.4,1673236798475
0.0,0.0,18.847,19.4,1673236798580
0.0,0.0,18.867,19.4,1673236798692
0.0,0.0,18.888,19.4,1673236798798
0.0,0.0,18.899,19.4,1673236798936
0.0,0.0,18.899,19.4,1673236799012
0.0,0.0,18.909,19.4,1673236799118
0.0,0.0,18.909,19.4,1673236799228
0.0,0.0,18.909,19.4,1673236799333
0.0,0.0,18.909,19.4,1673236799440
0.0,0.0,18.909,19.4,1673236799573
0.0,0.0,18.899,19.4,1673236799654
0.0,0.0,18.888,19.4,1673236799771
0.0,0.0,18.878,19.4,1673236799877
0.0,0.0,18.836,19.4,1673236799987
0.0,0.0,18.836,19.4,1673236800097
0.0,0.0,18.836,19.4,1673236800195
0.0,0.0,18.826,19.4,1673236800319
35.164730072021484,139.60516357421875,18.826,19.4,1673236800319
0.0,0.0,18.847,19.4,1673236800410
0.0,0.0,18.826,19.4,1673236800519
0.0,0.0,18.836,19.4,1673236800627
0.0,0.0,18.847,19.4,1673236800739
0.0,0.0,18.857,19.4,1673236800843
0.0,0.0,18.857,19.4,1673236800954
0.0,0.0,18.867,19.4,1673236801083
0.0,0.0,18.878,19.4,1673236801170
0.0,0.0,18.899,19.4,1673236801278
0.0,0.0,18.909,19.4,1673236801383
0.0,0.0,18.909,19.4,1673236801491
0.0,0.0,18.909,19.4,1673236801600
0.0,0.0,18.878,19.4,1673236801723
0.0,0.0,18.888,19.4,1673236801814
0.0,0.0,18.878,19.4,1673236801920
0.0,0.0,18.878,19.4,1673236802057
0.0,0.0,18.878,19.4,1673236802135
0.0,0.0,18.878,19.4,1673236802251
0.0,0.0,18.857,19.4,1673236802354
0.0,0.0,18.847,19.4,1673236802498
0.0,0.0,18.847,19.4,1673236802568
0.0,0.0,18.847,19.4,1673236802675
0.0,0.0,18.847,19.4,1673236802783
0.0,0.0,18.857,19.4,1673236802892
0.0,0.0,18.878,19.4,1673236803001
0.0,0.0,18.878,19.4,1673236803106
0.0,0.0,18.888,19.4,1673236803216
0.0,0.0,18.909,19.4,1673236803335
0.0,0.0,18.888,19.4,1673236803429
0.0,0.0,18.899,19.4,1673236803538
0.0,0.0,18.919,19.4,1673236803648
0.0,0.0,18.93,19.4,1673236803754
0.0,0.0,18.951,19.4,1673236803900
0.0,0.0,18.961,19.4,1673236803970
0.0,0.0,18.951,19.4,1673236804081
0.0,0.0,18.94,19.4,1673236804189
0.0,0.0,18.93,19.4,1673236804301
0.0,0.0,18.93,19.4,1673236804404
0.0,0.0,18.951,19.4,1673236804513
0.0,0.0,18.93,19.4,1673236804634
0.0,0.0,18.94,19.4,1673236804729
0.0,0.0,18.919,19.4,1673236804837
0.0,0.0,18.909,19.4,1673236804946
0.0,0.0,18.878,19.4,1673236805054
0.0,0.0,18.878,19.4,1673236805161
0.0,0.0,18.867,19.4,1673236805275
0.0,0.0,18.867,19.4,1673236805375
0.0,0.0,18.888,19.4,1673236805493
0.0,0.0,18.888,19.4,1673236805590
0.0,0.0,18.888,19.4,1673236805698
0.0,0.0,18.878,19.4,1673236805807
0.0,0.0,18.899,19.4,1673236805913
0.0,0.0,18.888,19.4,1673236806081
0.0,0.0,18.899,19.4,1673236806130
0.0,0.0,18.919,19.4,1673236806239
0.0,0.0,18.94,19.4,1673236806346
0.0,0.0,18.94,19.4,1673236806456
0.0,0.0,18.971,19.4,1673236806561
0.0,0.0,18.971,19.4,1673236806674
0.0,0.0,18.94,19.4,1673236806793
0.0,0.0,18.951,19.4,1673236806890
0.0,0.0,18.951,19.4,1673236806995
0.0,0.0,18.971,19.4,1673236807102
0.0,0.0,18.961,19.4,1673236807215
0.0,0.0,18.971,19.4,1673236807320
0.0,0.0,18.961,19.4,1673236807431
0.0,0.0,18.971,19.4,1673236807538
0.0,0.0,18.94,19.4,1673236807643
0.0,0.0,18.951,19.4,1673236807761
0.0,0.0,18.93,19.4,1673236807860
0.0,0.0,18.919,19.4,1673236807971
0.0,0.0,18.93,19.4,1673236808076
0.0,0.0,18.909,19.4,1673236808185
0.0,0.0,18.888,19.4,1673236808292
0.0,0.0,18.867,19.4,1673236808413
0.0,0.0,18.867,19.4,1673236808508
0.0,0.0,18.857,19.4,1673236808621
0.0,0.0,18.857,19.4,1673236808723
0.0,0.0,18.857,19.4,1673236808830
0.0,0.0,18.867,19.4,1673236808943
0.0,0.0,18.867,19.4,1673236809069
0.0,0.0,18.867,19.4,1673236809157
0.0,0.0,18.878,19.4,1673236809265
0.0,0.0,18.878,19.4,1673236809370
0.0,0.0,18.888,19.4,1673236809481
0.0,0.0,18.888,19.4,1673236809590
0.0,0.0,18.888,19.4,1673236809690
0.0,0.0,18.899,19.4,1673236809822
0.0,0.0,18.899,19.4,1673236809905
0.0,0.0,18.888,19.4,1673236810018
0.0,0.0,18.867,19.4,1673236810126
0.0,0.0,18.857,19.4,1673236810237
0.0,0.0,18.847,19.4,1673236810339
0.0,0.0,18.857,19.4,1673236810456
0.0,0.0,18.857,19.4,1673236810578
0.0,0.0,18.857,19.4,1673236810663
0.0,0.0,18.847,19.4,1673236810773
0.0,0.0,18.867,19.4,1673236810879
0.0,0.0,18.867,19.4,1673236810986
0.0,0.0,18.857,19.4,1673236811095
0.0,0.0,18.878,19.4,1673236811201
0.0,0.0,18.899,19.4,1673236811316
0.0,0.0,18.919,19.4,1673236811422
0.0,0.0,18.899,19.4,1673236811528
0.0,0.0,18.93,19.4,1673236811639
0.0,0.0,18.919,19.4,1673236811745
0.0,0.0,18.951,19.4,1673236811856
0.0,0.0,18.961,19.4,1673236811990
0.0,0.0,18.971,19.4,1673236812080
0.0,0.0,18.951,19.4,1673236812178
0.0,0.0,18.982,19.4,1673236812289
0.0,0.0,18.992,19.4,1673236812394
0.0,0.0,19.003,19.4,1673236812505
0.0,0.0,18.992,19.4,1673236812727
0.0,0.0,18.992,19.4,1673236812831
0.0,0.0,19.013,19.4,1673236812942
0.0,0.0,19.003,19.4,1673236813068
0.0,0.0,19.003,19.4,1673236813166
0.0,0.0,18.951,19.4,1673236813277
0.0,0.0,18.919,19.4,1673236813403
0.0,0.0,18.919,19.4,1673236813513
0.0,0.0,18.899,19.4,1673236813604
0.0,0.0,18.867,19.4,1673236813709
0.0,0.0,18.867,19.4,1673236813814
0.0,0.0,18.867,19.4,1673236813922
0.0,0.0,18.857,19.4,1673236814029
0.0,0.0,18.867,19.4,1673236814156
0.0,0.0,18.867,19.4,1673236814244
0.0,0.0,18.857,19.4,1673236814354
0.0,0.0,18.878,19.4,1673236814459
0.0,0.0,18.899,19.4,1673236814567
0.0,0.0,18.93,19.4,1673236814679
0.0,0.0,18.93,19.4,1673236814782
0.0,0.0,18.951,19.4,1673236814893
0.0,0.0,18.961,19.4,1673236815005
0.0,0.0,18.919,19.4,1673236815110
0.0,0.0,18.909,19.4,1673236815217
0.0,0.0,18.909,19.4,1673236815322
0.0,0.0,18.909,19.4,1673236815426
0.0,0.0,18.909,19.4,1673236815537
0.0,0.0,18.909,19.4,1673236815643
0.0,0.0,18.878,19.4,1673236815756
0.0,0.0,18.867,19.4,1673236815863
0.0,0.0,18.857,19.4,1673236815969
0.0,0.0,18.847,19.4,1673236816079
0.0,0.0,18.847,19.4,1673236816185
0.0,0.0,18.857,19.4,1673236816329
0.0,0.0,18.867,19.4,1673236816405
0.0,0.0,18.857,19.4,1673236816507
0.0,0.0,18.867,19.4,1673236816617
0.0,0.0,18.878,19.4,1673236816724
0.0,0.0,18.899,19.4,1673236816834
0.0,0.0,18.899,19.4,1673236816939
0.0,0.0,18.919,19.4,1673236817051
0.0,0.0,18.919,19.4,1673236817172
0.0,0.0,18.909,19.4,1673236817265
0.0,0.0,18.909,19.4,1673236817370
0.0,0.0,18.919,19.4,1673236817480
0.0,0.0,18.909,19.4,1673236817589
0.0,0.0,18.909,19.4,1673236817694
0.0,0.0,18.93,19.4,1673236817807
0.0,0.0,18.919,19.4,1673236817921
0.0,0.0,18.909,19.4,1673236818021
0.0,0.0,18.878,19.4,1673236818131
0.0,0.0,18.857,19.4,1673236818240
0.0,0.0,18.857,19.4,1673236818343
0.0,0.0,18.867,19.4,1673236818456
0.0,0.0,18.899,19.4,1673236818566
0.0,0.0,18.909,19.4,1673236818666
0.0,0.0,18.919,19.4,1673236818776
0.0,0.0,18.93,19.4,1673236818883
0.0,0.0,18.93,19.4,1673236818992
0.0,0.0,18.909,19.4,1673236819101
0.0,0.0,18.909,19.4,1673236819205
0.0,0.0,18.93,19.4,1673236819318
0.0,0.0,18.951,19.4,1673236819431
0.0,0.0,18.94,19.2,1673236819530
0.0,0.0,18.94,19.2,1673236819641
0.0,0.0,18.909,19.2,1673236819746
0.0,0.0,18.857,19.2,1673236819857
0.0,0.0,18.836,19.2,1673236819965
0.0,0.0,18.805,19.2,1673236820072
0.0,0.0,18.795,19.2,1673236820180
0.0,0.0,18.795,19.2,1673236820288
0.0,0.0,18.805,19.2,1673236820394
0.0,0.0,18.815,19.2,1673236820517
0.0,0.0,18.805,19.2,1673236820613
0.0,0.0,18.784,19.2,1673236820753
0.0,0.0,18.805,19.2,1673236820830
0.0,0.0,18.826,19.2,1673236820940
0.0,0.0,18.847,19.2,1673236821047
0.0,0.0,18.888,19.2,1673236821154
0.0,0.0,18.878,19.2,1673236821263
0.0,0.0,18.888,19.2,1673236821371
0.0,0.0,18.899,19.2,1673236821481
0.0,0.0,18.888,19.2,1673236821585
0.0,0.0,18.899,19.2,1673236821697
0.0,0.0,18.909,19.2,1673236821803
0.0,0.0,18.909,19.2,1673236821911
0.0,0.0,18.919,19.2,1673236822020
0.0,0.0,18.909,19.2,1673236822126
0.0,0.0,18.899,19.2,1673236822265
0.0,0.0,18.909,19.2,1673236822342
0.0,0.0,18.909,19.2,1673236822452
0.0,0.0,18.93,19.2,1673236822556
0.0,0.0,18.93,19.2,1673236822670
0.0,0.0,18.94,19.2,1673236822777
0.0,0.0,18.951,19.2,1673236822883
0.0,0.0,18.961,19.2,1673236822992
0.0,0.0,18.961,19.2,1673236823098
0.0,0.0,18.982,19.2,1673236823206
0.0,0.0,18.982,19.2,1673236823315
0.0,0.0,18.971,19.2,1673236823422
0.0,0.0,18.971,19.2,1673236823535
0.0,0.0,18.992,19.2,1673236823669
0.0,0.0,18.992,19.2,1673236823745
0.0,0.0,19.003,19.2,1673236823856
0.0,0.0,18.982,19.2,1673236823964
0.0,0.0,18.982,19.2,1673236824080
0.0,0.0,18.992,19.2,1673236824183
0.0,0.0,18.992,19.2,1673236824304
0.0,0.0,18.971,19.2,1673236824400
0.0,0.0,18.982,19.2,1673236824509
0.0,0.0,19.003,19.2,1673236824618
0.0,0.0,19.013,19.2,1673236824728
0.0,0.0,19.013,19.2,1673236824835
0.0,0.0,18.992,19.2,1673236824948
0.0,0.0,18.982,19.2,1673236825059
0.0,0.0,18.982,19.2,1673236825190
0.0,0.0,19.003,19.2,1673236825275
0.0,0.0,19.024,19.2,1673236825381
0.0,0.0,18.992,19.2,1673236825495
0.0,0.0,18.961,19.2,1673236825600
0.0,0.0,18.982,19.2,1673236825711
0.0,0.0,18.961,19.2,1673236825844
0.0,0.0,18.951,19.2,1673236825927
0.0,0.0,18.93,19.2,1673236826034
0.0,0.0,18.919,19.2,1673236826143
0.0,0.0,18.919,19.2,1673236826248
0.0,0.0,18.909,19.2,1673236826359
0.0,0.0,18.919,19.2,1673236826471
0.0,0.0,18.899,19.2,1673236826598
0.0,0.0,18.857,19.2,1673236826679
0.0,0.0,18.867,19.2,1673236826790
0.0,0.0,18.878,19.2,1673236826899
0.0,0.0,18.836,19.2,1673236827009
0.0,0.0,18.847,19.2,1673236827112
0.0,0.0,18.857,19.2,1673236827225
0.0,0.0,18.867,19.2,1673236827331
0.0,0.0,18.867,19.2,1673236827446
0.0,0.0,18.888,19.2,1673236827550
0.0,0.0,18.899,19.2,1673236827655
0.0,0.0,18.878,19.2,1673236827766
0.0,0.0,18.899,19.2,1673236827871
0.0,0.0,18.909,19.2,1673236827981
0.0,0.0,18.919,19.2,1673236828088
0.0,0.0,18.93,19.2,1673236828205
0.0,0.0,18.951,19.2,1673236828305
0.0,0.0,18.94,19.2,1673236828411
0.0,0.0,18.919,19.2,1673236828521
0.0,0.0,18.919,19.2,1673236828630
0.0,0.0,18.919,19.2,1673236828736
0.0,0.0,18.878,19.2,1673236828841
0.0,0.0,18.857,19.2,1673236828951
0.0,0.0,18.857,19.2,1673236829057
0.0,0.0,18.847,19.2,1673236829167
0.0,0.0,18.847,19.2,1673236829272
0.0,0.0,18.815,19.2,1673236829384
0.0,0.0,18.795,19.2,1673236829527
0.0,0.0,18.774,19.2,1673236829600
0.0,0.0,18.774,19.2,1673236829710
0.0,0.0,18.784,19.2,1673236829816
0.0,0.0,18.815,19.2,1673236829924
0.0,0.0,18.836,19.2,1673236830034
0.0,0.0,18.847,19.2,1673236830138
0.0,0.0,18.857,19.2,1673236830248
0.0,0.0,18.878,19.2,1673236830365
0.0,0.0,18.899,19.2,1673236830464
0.0,0.0,18.919,19.2,1673236830575
0.0,0.0,18.951,19.2,1673236830685
0.0,0.0,18.961,19.2,1673236830791
0.0,0.0,18.982,19.2,1673236830898
0.0,0.0,18.992,19.2,1673236831017
0.0,0.0,18.982,19.2,1673236831117
0.0,0.0,18.94,19.2,1673236831227
0.0,0.0,18.909,19.2,1673236831339
0.0,0.0,18.909,19.2,1673236831441
0.0,0.0,18.909,19.2,1673236831547
0.0,0.0,18.888,19.2,1673236831656
0.0,0.0,18.878,19.2,1673236831775
0.0,0.0,18.867,19.2,1673236831876
0.0,0.0,18.867,19.2,1673236831982
0.0,0.0,18.857,19.2,1673236832105
0.0,0.0,18.867,19.2,1673236832214
0.0,0.0,18.847,19.2,1673236832318
0.0,0.0,18.847,19.2,1673236832411
0.0,0.0,18.878,19.2,1673236832520
0.0,0.0,18.899,19.2,1673236832626
0.0,0.0,18.899,19.2,1673236832734
0.0,0.0,18.919,19.2,1673236832841
0.0,0.0,18.93,19.2,1673236832948
0.0,0.0,18.919,19.2,1673236833056
0.0,0.0,18.909,19.2,1673236833164
0.0,0.0,18.93,19.2,1673236833275
0.0,0.0,18.94,19.2,1673236833381
0.0,0.0,18.93,19.2,1673236833489
0.0,0.0,18.951,19.2,1673236833601
0.0,0.0,18.94,19.2,1673236833707
0.0,0.0,18.919,19.2,1673236833816
0.0,0.0,18.93,19.2,1673236833921
0.0,0.0,18.909,19.2,1673236834036
0.0,0.0,18.899,19.2,1673236834147
0.0,0.0,18.919,19.2,1673236834249
0.0,0.0,18.94,19.2,1673236834357
0.0,0.0,18.94,19.2,1673236834467
0.0,0.0,18.919,19.2,1673236834574
0.0,0.0,18.899,19.2,1673236834704
0.0,0.0,18.899,19.2,1673236834785
0.0,0.0,18.909,19.2,1673236834895
0.0,0.0,18.93,19.2,1673236835002
0.0,0.0,18.94,19.2,1673236835110
0.0,0.0,18.94,19.2,1673236835217
0.0,0.0,18.961,19.2,1673236835330
0.0,0.0,18.951,19.2,1673236835435
0.0,0.0,18.94,19.2,1673236835543
0.0,0.0,18.94,19.2,1673236835648
0.0,0.0,18.94,19.2,1673236835759
0.0,0.0,18.94,19.2,1673236835863
0.0,0.0,18.951,19.2,1673236835987
0.0,0.0,18.94,19.2,1673236836082
0.0,0.0,18.93,19.2,1673236836188
0.0,0.0,18.888,19.2,1673236836301
0.0,0.0,18.888,19.2,1673236836405
0.0,0.0,18.888,19.2,1673236836514
0.0,0.0,18.867,19.2,1673236836621
0.0,0.0,18.878,19.2,1673236836730
0.0,0.0,18.867,19.2,1673236836837
0.0,0.0,18.857,19.2,1673236836948
0.0,0.0,18.867,19.2,1673236837054
0.0,0.0,18.878,19.2,1673236837162
0.0,0.0,18.867,19.2,1673236837270
0.0,0.0,18.878,19.2,1673236837387
0.0,0.0,18.878,19.2,1673236837516
0.0,0.0,18.919,19.2,1673236837596
0.0,0.0,18.909,19.2,1673236837700
0.0,0.0,18.909,19.2,1673236837808
0.0,0.0,18.919,19.2,1673236837916
0.0,0.0,18.94,19.2,1673236838025
0.0,0.0,18.951,19.2,1673236838131
0.0,0.0,18.982,19.2,1673236838262
0.0,0.0,18.971,19.2,1673236838352
0.0,0.0,18.971,19.2,1673236838459
0.0,0.0,18.982,19.2,1673236838574
0.0,0.0,18.982,19.2,1673236838678
0.0,0.0,18.992,19.2,1673236838786
0.0,0.0,18.992,19.2,1673236838920
0.0,0.0,18.992,19.2,1673236839002
0.0,0.0,18.982,19.2,1673236839113
0.0,0.0,18.982,19.2,1673236839217
0.0,0.0,18.971,19.2,1673236839330
0.0,0.0,18.971,19.2,1673236839439
0.0,0.0,18.951,19.2,1673236839544
0.0,0.0,18.961,19.2,1673236839662
0.0,0.0,18.951,19.2,1673236839761
0.0,0.0,18.94,19.2,1673236839868
0.0,0.0,18.93,19.2,1673236839978
0.0,0.0,18.909,19.2,1673236840088
0.0,0.0,18.899,19.2,1673236840193
0.0,0.0,18.909,19.2,1673236840303
0.0,0.0,18.94,19.2,1673236840423
0.0,0.0,18.93,19.2,1673236840518
0.0,0.0,18.899,19.2,1673236840627
0.0,0.0,18.899,19.2,1673236840732
0.0,0.0,18.919,19.2,1673236840842
0.0,0.0,18.909,19.2,1673236840956
0.0,0.0,18.919,19.2,1673236841061
0.0,0.0,18.94,19.2,1673236841174
0.0,0.0,18.961,19.2,1673236841277
0.0,0.0,18.971,19.2,1673236841387
0.0,0.0,19.013,19.2,1673236841495
0.0,0.0,19.003,19.2,1673236841603
0.0,0.0,18.971,19.2,1673236841713
0.0,0.0,18.971,19.2,1673236841824
0.0,0.0,18.992,19.2,1673236841937
0.0,0.0,18.961,19.2,1673236842038
0.0,0.0,18.971,19.2,1673236842149
0.0,0.0,18.951,19.2,1673236842254
0.0,0.0,18.909,19.2,1673236842362
0.0,0.0,18.909,19.2,1673236842467
0.0,0.0,18.867,19.2,1673236842589
0.0,0.0,18.857,19.2,1673236842684
0.0,0.0,18.805,19.2,1673236842795
0.0,0.0,18.805,19.2,1673236842899
0.0,0.0,18.805,19.2,1673236843005
0.0,0.0,18.784,19.2,1673236843118
0.0,0.0,18.784,19.2,1673236843225
0.0,0.0,18.784,19.2,1673236843331
0.0,0.0,18.805,19.2,1673236843447
0.0,0.0,18.826,19.2,1673236843550
0.0,0.0,18.836,19.2,1673236843655
0.0,0.0,18.836,19.2,1673236843763
0.0,0.0,18.836,19.2,1673236843868
0.0,0.0,18.847,19.2,1673236843981
0.0,0.0,18.888,19.2,1673236844108
0.0,0.0,18.878,19.2,1673236844194
0.0,0.0,18.888,19.2,1673236844300
0.0,0.0,18.888,19.2,1673236844410
0.0,0.0,18.888,19.2,1673236844516
0.0,0.0,18.878,19.2,1673236844624
0.0,0.0,18.847,19.2,1673236844731
0.0,0.0,18.815,19.2,1673236844842
0.0,0.0,18.805,19.2,1673236844949
0.0,0.0,18.815,19.2,1673236845056
0.0,0.0,18.826,19.2,1673236845164
0.0,0.0,18.836,19.2,1673236845275
0.0,0.0,18.805,19.2,1673236845383
0.0,0.0,18.815,19.2,1673236845510
0.0,0.0,18.836,19.2,1673236845597
