0.0,0.0,15.496,18.6,1713063760125
0.0,0.0,15.496,18.6,1713063760126
0.0,0.0,16.193,18.6,1713063760386
0.0,0.0,16.193,18.6,1713063760388
0.0,0.0,16.203,18.6,1713063760480
0.0,0.0,16.203,18.6,1713063760482
0.0,0.0,16.162,18.6,1713063760578
0.0,0.0,16.162,18.6,1713063760582
35.158817291259766,139.60003662109375,16.162,18.6,1713063760582
0.0,0.0,16.13,18.6,1713063760674
0.0,0.0,16.13,18.6,1713063760675
0.0,0.0,16.162,18.6,1713063760791
0.0,0.0,16.162,18.6,1713063760793
0.0,0.0,16.182,18.6,1713063761049
0.0,0.0,16.193,18.6,1713063761051
0.0,0.0,16.182,18.6,1713063761073
0.0,0.0,16.193,18.6,1713063761076
0.0,0.0,16.141,18.6,1713063761082
0.0,0.0,16.141,18.6,1713063761084
0.0,0.0,16.162,18.6,1713063761164
0.0,0.0,16.162,18.6,1713063761166
0.0,0.0,16.224,18.6,1713063761264
0.0,0.0,16.224,18.6,1713063761267
0.0,0.0,16.266,18.6,1713063761366
0.0,0.0,16.266,18.6,1713063761368
0.0,0.0,16.276,18.6,1713063761456
0.0,0.0,16.276,18.6,1713063761459
0.0,0.0,16.328,18.6,1713063761557
0.0,0.0,16.328,18.6,1713063761558
0.0,0.0,16.297,18.6,1713063761673
0.0,0.0,16.297,18.6,1713063761675
0.0,0.0,16.297,18.6,1713063761880
0.0,0.0,16.297,18.6,1713063761900
0.0,0.0,16.297,18.6,1713063761904
0.0,0.0,16.297,18.6,1713063761907
0.0,0.0,16.214,18.6,1713063761943
0.0,0.0,16.214,18.6,1713063761945
0.0,0.0,16.172,18.6,1713063762039
0.0,0.0,16.172,18.6,1713063762041
0.0,0.0,16.099,18.6,1713063762149
0.0,0.0,16.099,18.6,1713063762150
0.0,0.0,16.068,18.6,1713063762247
0.0,0.0,16.068,18.6,1713063762249
0.0,0.0,16.068,18.6,1713063762329
0.0,0.0,16.068,18.6,1713063762330
0.0,0.0,16.058,18.6,1713063762424
0.0,0.0,16.058,18.6,1713063762426
35.15883255004883,139.6000213623047,16.058,18.6,1713063762426
0.0,0.0,15.933,18.6,1713063762524
0.0,0.0,15.933,18.6,1713063762526
0.0,0.0,15.818,18.6,1713063762619
0.0,0.0,15.818,18.6,1713063762620
0.0,0.0,15.735,18.6,1713063762719
0.0,0.0,15.735,18.6,1713063762721
0.0,0.0,15.683,18.6,1713063762817
0.0,0.0,15.683,18.6,1713063762836
0.0,0.0,15.641,18.6,1713063762911
0.0,0.0,15.641,18.6,1713063762912
0.0,0.0,15.558,18.6,1713063763127
0.0,0.0,15.558,18.6,1713063763128
0.0,0.0,15.641,18.6,1713063763206
0.0,0.0,15.641,18.6,1713063763207
0.0,0.0,15.61,18.6,1713063763306
0.0,0.0,15.61,18.6,1713063763308
0.0,0.0,15.579,18.6,1713063763408
0.0,0.0,15.579,18.6,1713063763411
0.0,0.0,15.527,18.6,1713063763504
0.0,0.0,15.527,18.6,1713063763506
0.0,0.0,15.527,18.6,1713063763597
0.0,0.0,15.527,18.6,1713063763598
0.0,0.0,15.537,18.6,1713063763705
0.0,0.0,15.537,18.6,1713063763706
0.0,0.0,15.6,18.6,1713063763807
0.0,0.0,15.6,18.6,1713063763808
0.0,0.0,15.652,18.6,1713063763907
0.0,0.0,15.652,18.6,1713063763910
0.0,0.0,15.662,18.6,1713063764005
0.0,0.0,15.662,18.6,1713063764006
0.0,0.0,15.672,18.6,1713063764103
0.0,0.0,15.672,18.6,1713063764106
0.0,0.0,15.652,18.6,1713063764195
0.0,0.0,15.652,18.6,1713063764198
0.0,0.0,15.766,18.6,1713063764294
0.0,0.0,15.766,18.6,1713063764295
0.0,0.0,15.756,18.6,1713063764387
0.0,0.0,15.756,18.6,1713063764414
35.15884017944336,139.60000610351562,15.756,18.6,1713063764414
0.0,0.0,15.777,18.6,1713063764487
0.0,0.0,15.777,18.6,1713063764488
0.0,0.0,15.808,18.6,1713063764593
0.0,0.0,15.808,18.6,1713063764595
0.0,0.0,15.86,18.6,1713063764684
0.0,0.0,15.86,18.6,1713063764686
0.0,0.0,15.829,18.6,1713063764787
0.0,0.0,15.829,18.6,1713063764788
0.0,0.0,15.808,18.6,1713063764876
0.0,0.0,15.808,18.6,1713063764878
0.0,0.0,15.829,18.6,1713063764981
0.0,0.0,15.829,18.6,1713063764984
0.0,0.0,15.766,18.6,1713063765076
0.0,0.0,15.766,18.6,1713063765078
0.0,0.0,15.714,18.6,1713063765175
0.0,0.0,15.714,18.6,1713063765178
0.0,0.0,15.693,18.6,1713063765267
0.0,0.0,15.693,18.6,1713063765269
0.0,0.0,15.777,18.6,1713063765370
0.0,0.0,15.777,18.6,1713063765371
0.0,0.0,15.704,18.6,1713063765464
0.0,0.0,15.704,18.6,1713063765466
0.0,0.0,15.641,18.6,1713063765564
0.0,0.0,15.641,18.6,1713063765566
0.0,0.0,15.589,18.6,1713063765663
0.0,0.0,15.589,18.6,1713063765664
0.0,0.0,15.6,18.6,1713063765770
0.0,0.0,15.6,18.6,1713063765789
0.0,0.0,15.631,18.6,1713063765859
0.0,0.0,15.631,18.6,1713063765865
0.0,0.0,15.683,18.6,1713063765955
0.0,0.0,15.683,18.6,1713063765957
0.0,0.0,15.745,18.6,1713063766049
0.0,0.0,15.745,18.6,1713063766050
0.0,0.0,15.745,18.6,1713063766147
0.0,0.0,15.745,18.6,1713063766148
0.0,0.0,15.756,18.6,1713063766247
0.0,0.0,15.756,18.6,1713063766250
0.0,0.0,15.777,18.6,1713063766341
0.0,0.0,15.777,18.6,1713063766343
0.0,0.0,15.86,18.6,1713063766442
0.0,0.0,15.86,18.6,1713063766444
0.0,0.0,15.901,18.6,1713063766542
0.0,0.0,15.901,18.6,1713063766545
0.0,0.0,15.995,18.6,1713063766640
0.0,0.0,15.995,18.6,1713063766642
0.0,0.0,16.037,18.6,1713063766736
0.0,0.0,16.037,18.6,1713063766739
0.0,0.0,16.016,18.6,1713063766833
0.0,0.0,16.016,18.6,1713063766835
0.0,0.0,16.099,18.6,1713063766945
0.0,0.0,16.099,18.6,1713063766947
0.0,0.0,16.141,18.6,1713063767035
0.0,0.0,16.141,18.6,1713063767036
0.0,0.0,16.047,18.6,1713063767148
0.0,0.0,16.047,18.6,1713063767149
0.0,0.0,15.974,18.6,1713063767232
0.0,0.0,15.974,18.6,1713063767235
0.0,0.0,15.933,18.6,1713063767330
0.0,0.0,15.933,18.6,1713063767331
0.0,0.0,15.943,18.6,1713063767444
0.0,0.0,15.943,18.6,1713063767446
0.0,0.0,15.933,18.6,1713063767525
0.0,0.0,15.933,18.6,1713063767527
0.0,0.0,15.922,18.6,1713063767622
0.0,0.0,15.922,18.6,1713063767624
0.0,0.0,15.974,18.6,1713063767721
0.0,0.0,15.974,18.6,1713063767722
0.0,0.0,15.943,18.6,1713063767821
0.0,0.0,15.943,18.6,1713063767823
0.0,0.0,15.912,18.6,1713063767922
0.0,0.0,15.912,18.6,1713063767926
0.0,0.0,15.922,18.6,1713063768019
0.0,0.0,15.922,18.6,1713063768021
0.0,0.0,15.881,18.6,1713063768117
0.0,0.0,15.881,18.6,1713063768119
0.0,0.0,15.933,18.6,1713063768219
0.0,0.0,15.933,18.6,1713063768222
0.0,0.0,16.058,18.6,1713063768317
0.0,0.0,16.058,18.6,1713063768319
0.0,0.0,16.068,18.6,1713063768411
0.0,0.0,16.068,18.6,1713063768413
0.0,0.0,16.005,18.6,1713063768509
0.0,0.0,16.005,18.6,1713063768510
0.0,0.0,15.953,18.6,1713063768607
0.0,0.0,15.953,18.6,1713063768609
0.0,0.0,15.985,18.6,1713063768704
0.0,0.0,15.985,18.6,1713063768710
0.0,0.0,16.016,18.6,1713063768904
0.0,0.0,16.016,18.6,1713063768905
0.0,0.0,15.995,18.6,1713063768996
0.0,0.0,15.995,18.6,1713063769000
0.0,0.0,15.953,18.6,1713063769099
0.0,0.0,15.953,18.6,1713063769100
0.0,0.0,15.974,18.6,1713063769196
0.0,0.0,15.974,18.6,1713063769200
0.0,0.0,15.995,18.6,1713063769291
0.0,0.0,15.995,18.6,1713063769292
0.0,0.0,16.005,18.6,1713063769393
0.0,0.0,16.005,18.6,1713063769396
0.0,0.0,15.985,18.6,1713063769494
0.0,0.0,15.985,18.6,1713063769495
0.0,0.0,15.933,18.6,1713063769610
0.0,0.0,15.933,18.6,1713063769611
0.0,0.0,15.86,18.6,1713063769688
0.0,0.0,15.86,18.6,1713063769690
0.0,0.0,15.86,18.6,1713063769781
0.0,0.0,15.86,18.6,1713063769783
0.0,0.0,15.912,18.6,1713063769882
0.0,0.0,15.912,18.6,1713063769884
0.0,0.0,15.912,18.6,1713063769975
0.0,0.0,15.912,18.6,1713063769977
0.0,0.0,15.933,18.6,1713063770075
0.0,0.0,15.933,18.6,1713063770076
0.0,0.0,15.881,18.6,1713063770174
0.0,0.0,15.881,18.6,1713063770190
0.0,0.0,15.818,18.6,1713063770270
0.0,0.0,15.818,18.6,1713063770272
0.0,0.0,15.86,18.6,1713063770375
0.0,0.0,15.86,18.6,1713063770377
0.0,0.0,15.943,18.6,1713063770472
35.15884780883789,139.60000610351562,15.943,18.6,1713063770472
0.0,0.0,15.943,18.6,1713063770473
0.0,0.0,16.047,18.6,1713063770566
0.0,0.0,16.047,18.6,1713063770568
0.0,0.0,16.068,18.6,1713063770666
0.0,0.0,16.068,18.6,1713063770667
0.0,0.0,16.058,18.6,1713063770762
0.0,0.0,16.058,18.6,1713063770764
0.0,0.0,15.953,18.6,1713063770863
0.0,0.0,15.953,18.6,1713063770866
0.0,0.0,15.881,18.6,1713063770962
0.0,0.0,15.881,18.6,1713063770964
0.0,0.0,15.86,18.6,1713063771057
0.0,0.0,15.86,18.6,1713063771058
0.0,0.0,15.808,18.6,1713063771160
0.0,0.0,15.808,18.6,1713063771162
0.0,0.0,15.714,18.6,1713063771254
0.0,0.0,15.714,18.6,1713063771255
0.0,0.0,15.724,18.6,1713063771356
0.0,0.0,15.724,18.6,1713063771357
0.0,0.0,15.704,18.6,1713063771451
0.0,0.0,15.704,18.6,1713063771454
0.0,0.0,15.704,18.6,1713063771546
0.0,0.0,15.704,18.6,1713063771563
0.0,0.0,15.714,18.6,1713063771643
0.0,0.0,15.714,18.6,1713063771644
0.0,0.0,15.714,18.6,1713063771739
0.0,0.0,15.714,18.6,1713063771740
0.0,0.0,15.756,18.6,1713063771866
0.0,0.0,15.756,18.6,1713063771868
0.0,0.0,15.745,18.6,1713063771939
0.0,0.0,15.745,18.6,1713063771941
0.0,0.0,15.735,18.6,1713063772033
0.0,0.0,15.735,18.6,1713063772036
0.0,0.0,15.756,18.6,1713063772134
0.0,0.0,15.756,18.6,1713063772136
0.0,0.0,15.818,18.6,1713063772234
0.0,0.0,15.818,18.6,1713063772238
0.0,0.0,15.829,18.6,1713063772360
0.0,0.0,15.829,18.6,1713063772362
0.0,0.0,15.829,18.6,1713063772430
0.0,0.0,15.829,18.6,1713063772433
0.0,0.0,15.745,18.6,1713063772528
0.0,0.0,15.745,18.6,1713063772535
0.0,0.0,15.766,18.6,1713063772624
0.0,0.0,15.766,18.6,1713063772627
0.0,0.0,15.766,18.6,1713063772722
0.0,0.0,15.766,18.6,1713063772724
0.0,0.0,15.849,18.6,1713063772817
0.0,0.0,15.849,18.6,1713063772819
0.0,0.0,15.881,18.6,1713063772917
0.0,0.0,15.881,18.6,1713063772920
0.0,0.0,15.849,18.6,1713063773016
0.0,0.0,15.849,18.6,1713063773018
0.0,0.0,15.818,18.6,1713063773112
0.0,0.0,15.818,18.6,1713063773113
0.0,0.0,15.797,18.6,1713063773213
0.0,0.0,15.797,18.6,1713063773216
0.0,0.0,15.86,18.6,1713063773317
0.0,0.0,15.86,18.6,1713063773319
0.0,0.0,15.86,18.6,1713063773410
0.0,0.0,15.86,18.6,1713063773412
0.0,0.0,15.901,18.6,1713063773504
0.0,0.0,15.901,18.6,1713063773506
0.0,0.0,15.849,18.6,1713063773603
0.0,0.0,15.849,18.6,1713063773605
0.0,0.0,15.87,18.6,1713063773697
0.0,0.0,15.87,18.6,1713063773699
0.0,0.0,15.87,18.6,1713063773798
0.0,0.0,15.87,18.6,1713063773799
0.0,0.0,15.86,18.6,1713063773890
0.0,0.0,15.86,18.6,1713063773894
0.0,0.0,15.912,18.6,1713063773990
0.0,0.0,15.912,18.6,1713063773991
0.0,0.0,15.901,18.6,1713063774088
0.0,0.0,15.901,18.6,1713063774090
0.0,0.0,15.891,18.6,1713063774186
0.0,0.0,15.891,18.6,1713063774187
0.0,0.0,15.953,18.6,1713063774285
0.0,0.0,15.953,18.6,1713063774288
0.0,0.0,15.943,18.6,1713063774393
0.0,0.0,15.943,18.6,1713063774395
0.0,0.0,15.943,18.6,1713063774481
0.0,0.0,15.943,18.6,1713063774486
0.0,0.0,15.974,18.6,1713063774577
0.0,0.0,15.974,18.6,1713063774579
0.0,0.0,15.891,18.6,1713063774681
0.0,0.0,15.891,18.6,1713063774682
0.0,0.0,15.86,18.6,1713063774777
0.0,0.0,15.86,18.6,1713063774779
0.0,0.0,15.86,18.6,1713063774883
0.0,0.0,15.86,18.6,1713063774886
0.0,0.0,15.849,18.6,1713063774972
0.0,0.0,15.849,18.6,1713063774974
0.0,0.0,15.901,18.6,1713063775072
0.0,0.0,15.901,18.6,1713063775074
0.0,0.0,15.891,18.6,1713063775174
0.0,0.0,15.891,18.6,1713063775175
0.0,0.0,15.912,18.6,1713063775262
0.0,0.0,15.912,18.6,1713063775264
0.0,0.0,15.891,18.6,1713063775362
0.0,0.0,15.891,18.6,1713063775364
0.0,0.0,15.818,18.6,1713063775485
0.0,0.0,15.818,18.6,1713063775488
0.0,0.0,15.901,18.6,1713063775569
0.0,0.0,15.901,18.6,1713063775573
0.0,0.0,15.943,18.6,1713063775661
0.0,0.0,15.943,18.6,1713063775662
0.0,0.0,15.964,18.6,1713063775757
0.0,0.0,15.964,18.6,1713063775759
0.0,0.0,15.953,18.6,1713063775864
0.0,0.0,15.953,18.6,1713063775865
0.0,0.0,15.912,18.6,1713063775980
0.0,0.0,15.912,18.6,1713063775987
0.0,0.0,15.86,18.6,1713063776086
0.0,0.0,15.86,18.6,1713063776087
0.0,0.0,15.839,18.6,1713063776214
0.0,0.0,15.839,18.6,1713063776215
0.0,0.0,15.797,18.6,1713063776243
0.0,0.0,15.797,18.6,1713063776244
0.0,0.0,15.818,18.6,1713063776344
0.0,0.0,15.818,18.6,1713063776345
0.0,0.0,15.829,18.6,1713063776443
0.0,0.0,15.829,18.6,1713063776444
0.0,0.0,15.87,18.6,1713063776540
0.0,0.0,15.87,18.6,1713063776542
0.0,0.0,15.912,18.6,1713063776642
0.0,0.0,15.912,18.6,1713063776644
0.0,0.0,15.891,18.6,1713063776733
0.0,0.0,15.891,18.6,1713063776734
0.0,0.0,15.912,18.6,1713063776831
0.0,0.0,15.912,18.6,1713063776836
0.0,0.0,15.922,18.6,1713063777012
0.0,0.0,15.922,18.6,1713063777013
0.0,0.0,15.985,18.6,1713063777034
0.0,0.0,15.985,18.6,1713063777035
0.0,0.0,16.016,18.6,1713063777130
0.0,0.0,16.016,18.6,1713063777132
0.0,0.0,16.047,18.6,1713063777232
0.0,0.0,16.047,18.6,1713063777236
0.0,0.0,16.037,18.6,1713063777325
0.0,0.0,16.037,18.6,1713063777341
0.0,0.0,16.058,18.6,1713063777427
0.0,0.0,16.058,18.6,1713063777428
0.0,0.0,16.089,18.6,1713063777525
0.0,0.0,16.089,18.6,1713063777526
0.0,0.0,16.089,18.6,1713063777636
0.0,0.0,16.089,18.6,1713063777638
0.0,0.0,16.089,18.6,1713063777719
0.0,0.0,16.089,18.6,1713063777721
0.0,0.0,16.11,18.6,1713063777820
0.0,0.0,16.11,18.6,1713063777822
0.0,0.0,16.12,18.6,1713063777926
0.0,0.0,16.12,18.6,1713063777927
0.0,0.0,16.12,18.6,1713063778016
0.0,0.0,16.12,18.6,1713063778017
0.0,0.0,16.099,18.6,1713063778119
0.0,0.0,16.099,18.6,1713063778122
0.0,0.0,16.026,18.6,1713063778218
0.0,0.0,16.026,18.6,1713063778219
0.0,0.0,15.964,18.6,1713063778315
0.0,0.0,15.964,18.6,1713063778317
0.0,0.0,15.912,18.6,1713063778412
0.0,0.0,15.912,18.6,1713063778414
0.0,0.0,15.964,18.6,1713063778510
0.0,0.0,15.964,18.6,1713063778512
0.0,0.0,15.995,18.6,1713063778608
0.0,0.0,15.995,18.6,1713063778610
0.0,0.0,16.016,18.6,1713063778711
0.0,0.0,16.016,18.6,1713063778713
0.0,0.0,16.037,18.6,1713063778806
0.0,0.0,16.037,18.6,1713063778807
0.0,0.0,16.068,18.6,1713063778909
0.0,0.0,16.068,18.6,1713063778914
0.0,0.0,16.12,18.6,1713063779010
0.0,0.0,16.12,18.6,1713063779011
0.0,0.0,16.151,18.6,1713063779134
0.0,0.0,16.151,18.6,1713063779136
0.0,0.0,16.182,18.6,1713063779205
0.0,0.0,16.182,18.6,1713063779207
0.0,0.0,16.224,18.6,1713063779304
0.0,0.0,16.224,18.6,1713063779306
0.0,0.0,16.255,18.6,1713063779401
0.0,0.0,16.255,18.6,1713063779403
0.0,0.0,16.255,18.6,1713063779499
0.0,0.0,16.255,18.6,1713063779502
0.0,0.0,16.234,18.6,1713063779600
0.0,0.0,16.234,18.6,1713063779601
0.0,0.0,16.162,18.6,1713063779702
0.0,0.0,16.162,18.6,1713063779703
0.0,0.0,16.214,18.6,1713063779792
0.0,0.0,16.214,18.6,1713063779794
0.0,0.0,16.193,18.6,1713063779896
0.0,0.0,16.193,18.6,1713063779904
0.0,0.0,16.172,18.6,1713063780002
0.0,0.0,16.172,18.6,1713063780003
0.0,0.0,16.13,18.6,1713063780091
0.0,0.0,16.13,18.6,1713063780092
0.0,0.0,16.11,18.6,1713063780196
0.0,0.0,16.11,18.6,1713063780209
0.0,0.0,16.068,18.6,1713063780290
0.0,0.0,16.068,18.6,1713063780291
0.0,0.0,16.005,18.6,1713063780390
0.0,0.0,16.005,18.6,1713063780392
0.0,0.0,16.058,18.6,1713063780491
0.0,0.0,16.058,18.6,1713063780492
0.0,0.0,16.037,18.6,1713063780590
0.0,0.0,16.037,18.6,1713063780591
0.0,0.0,16.005,18.6,1713063780686
0.0,0.0,16.005,18.6,1713063780687
0.0,0.0,15.995,18.6,1713063780789
0.0,0.0,15.995,18.6,1713063780790
0.0,0.0,16.047,18.6,1713063780888
0.0,0.0,16.047,18.6,1713063780890
0.0,0.0,15.974,18.6,1713063780987
0.0,0.0,15.974,18.6,1713063780989
0.0,0.0,15.953,18.6,1713063781087
0.0,0.0,15.953,18.6,1713063781090
0.0,0.0,15.953,18.6,1713063781180
0.0,0.0,15.953,18.6,1713063781182
0.0,0.0,15.953,18.6,1713063781277
0.0,0.0,15.953,18.6,1713063781279
0.0,0.0,15.912,18.6,1713063781376
0.0,0.0,15.912,18.6,1713063781378
0.0,0.0,15.891,18.6,1713063781477
0.0,0.0,15.891,18.6,1713063781480
0.0,0.0,15.922,18.6,1713063781578
0.0,0.0,15.922,18.6,1713063781586
0.0,0.0,15.881,18.6,1713063781673
0.0,0.0,15.881,18.6,1713063781676
0.0,0.0,15.87,18.6,1713063781765
0.0,0.0,15.87,18.6,1713063781769
0.0,0.0,15.912,18.6,1713063781871
0.0,0.0,15.912,18.6,1713063781873
0.0,0.0,15.881,18.6,1713063781964
0.0,0.0,15.881,18.6,1713063781965
0.0,0.0,15.849,18.6,1713063782064
0.0,0.0,15.849,18.6,1713063782066
0.0,0.0,15.881,18.6,1713063782170
0.0,0.0,15.881,18.6,1713063782172
0.0,0.0,15.891,18.6,1713063782260
0.0,0.0,15.891,18.6,1713063782262
0.0,0.0,15.808,18.6,1713063782360
0.0,0.0,15.808,18.6,1713063782364
0.0,0.0,15.777,18.6,1713063782454
0.0,0.0,15.777,18.6,1713063782455
0.0,0.0,15.766,18.6,1713063782551
0.0,0.0,15.766,18.6,1713063782553
0.0,0.0,15.766,18.6,1713063782650
0.0,0.0,15.766,18.6,1713063782652
0.0,0.0,15.777,18.6,1713063782757
0.0,0.0,15.777,18.6,1713063782760
0.0,0.0,15.777,18.6,1713063782842
0.0,0.0,15.777,18.6,1713063782845
0.0,0.0,15.839,18.6,1713063782943
0.0,0.0,15.839,18.6,1713063782946
0.0,0.0,15.808,18.6,1713063783041
0.0,0.0,15.808,18.6,1713063783053
0.0,0.0,15.714,18.6,1713063783137
0.0,0.0,15.714,18.6,1713063783140
0.0,0.0,15.61,18.6,1713063783232
0.0,0.0,15.61,18.6,1713063783236
0.0,0.0,15.496,18.6,1713063783332
0.0,0.0,15.496,18.6,1713063783333
0.0,0.0,15.548,18.6,1713063783435
0.0,0.0,15.548,18.6,1713063783438
0.0,0.0,15.631,18.6,1713063783527
0.0,0.0,15.631,18.6,1713063783528
0.0,0.0,15.672,18.6,1713063783720
0.0,0.0,15.672,18.6,1713063783723
0.0,0.0,15.641,18.6,1713063783819
0.0,0.0,15.641,18.6,1713063783821
0.0,0.0,15.652,18.6,1713063783914
0.0,0.0,15.652,18.6,1713063783916
0.0,0.0,15.631,18.6,1713063784011
0.0,0.0,15.631,18.6,1713063784012
0.0,0.0,15.579,18.6,1713063784140
0.0,0.0,15.579,18.6,1713063784142
0.0,0.0,15.496,18.6,1713063784219
0.0,0.0,15.496,18.6,1713063784222
0.0,0.0,15.506,18.6,1713063784301
0.0,0.0,15.506,18.6,1713063784303
0.0,0.0,15.548,18.6,1713063784400
0.0,0.0,15.548,18.6,1713063784401
0.0,0.0,15.6,18.6,1713063784498
0.0,0.0,15.6,18.6,1713063784500
0.0,0.0,15.652,18.6,1713063784596
0.0,0.0,15.652,18.6,1713063784601
0.0,0.0,15.704,18.6,1713063784697
0.0,0.0,15.704,18.6,1713063784699
0.0,0.0,15.683,18.6,1713063784793
0.0,0.0,15.683,18.6,1713063784795
0.0,0.0,15.631,18.6,1713063784888
0.0,0.0,15.631,18.6,1713063784891
0.0,0.0,15.568,18.6,1713063784991
0.0,0.0,15.568,18.6,1713063784993
0.0,0.0,15.516,18.6,1713063785086
0.0,0.0,15.516,18.6,1713063785088
0.0,0.0,15.548,18.6,1713063785183
0.0,0.0,15.548,18.6,1713063785185
0.0,0.0,15.579,18.6,1713063785277
0.0,0.0,15.579,18.6,1713063785278
0.0,0.0,15.61,18.6,1713063785375
0.0,0.0,15.61,18.6,1713063785377
0.0,0.0,15.62,18.6,1713063785470
0.0,0.0,15.62,18.6,1713063785471
0.0,0.0,15.662,18.6,1713063785567
0.0,0.0,15.662,18.6,1713063785568
0.0,0.0,15.766,18.6,1713063785679
0.0,0.0,15.766,18.6,1713063785683
0.0,0.0,15.818,18.6,1713063785764
0.0,0.0,15.818,18.6,1713063785768
0.0,0.0,15.756,18.6,1713063785864
0.0,0.0,15.756,18.6,1713063785865
0.0,0.0,15.714,18.6,1713063785962
0.0,0.0,15.714,18.6,1713063785964
0.0,0.0,15.787,18.6,1713063786062
0.0,0.0,15.787,18.6,1713063786079
0.0,0.0,15.818,18.6,1713063786158
0.0,0.0,15.818,18.6,1713063786160
0.0,0.0,15.86,18.6,1713063786254
0.0,0.0,15.86,18.6,1713063786256
0.0,0.0,15.86,18.6,1713063786359
0.0,0.0,15.86,18.6,1713063786361
0.0,0.0,15.797,18.6,1713063786453
0.0,0.0,15.797,18.6,1713063786455
0.0,0.0,15.839,18.6,1713063786556
0.0,0.0,15.839,18.6,1713063786559
0.0,0.0,15.787,18.6,1713063786655
0.0,0.0,15.787,18.6,1713063786658
0.0,0.0,15.766,18.6,1713063786749
0.0,0.0,15.766,18.6,1713063786751
0.0,0.0,15.704,18.6,1713063786841
0.0,0.0,15.704,18.6,1713063786842
0.0,0.0,15.683,18.6,1713063786942
0.0,0.0,15.683,18.6,1713063786943
0.0,0.0,15.683,18.6,1713063787046
0.0,0.0,15.683,18.6,1713063787048
0.0,0.0,15.641,18.6,1713063787140
0.0,0.0,15.641,18.6,1713063787142
0.0,0.0,15.6,18.6,1713063787230
0.0,0.0,15.6,18.6,1713063787231
0.0,0.0,15.62,18.6,1713063787332
0.0,0.0,15.62,18.6,1713063787333
0.0,0.0,15.6,18.6,1713063787436
0.0,0.0,15.6,18.6,1713063787439
0.0,0.0,15.579,18.6,1713063787522
0.0,0.0,15.579,18.6,1713063787525
0.0,0.0,15.683,18.6,1713063787619
0.0,0.0,15.683,18.6,1713063787621
0.0,0.0,15.704,18.6,1713063787717
0.0,0.0,15.704,18.6,1713063787719
0.0,0.0,15.735,18.6,1713063787836
0.0,0.0,15.735,18.6,1713063787841
0.0,0.0,15.745,18.6,1713063787912
0.0,0.0,15.745,18.6,1713063787914
0.0,0.0,15.735,18.6,1713063788007
0.0,0.0,15.735,18.6,1713063788009
0.0,0.0,15.735,18.6,1713063788108
0.0,0.0,15.735,18.6,1713063788109
0.0,0.0,15.735,18.6,1713063788200
0.0,0.0,15.735,18.6,1713063788202
0.0,0.0,15.724,18.6,1713063788298
0.0,0.0,15.724,18.6,1713063788301
0.0,0.0,15.756,18.6,1713063788399
0.0,0.0,15.756,18.6,1713063788402
0.0,0.0,15.745,18.6,1713063788503
0.0,0.0,15.745,18.6,1713063788504
0.0,0.0,15.766,18.6,1713063788598
0.0,0.0,15.766,18.6,1713063788600
0.0,0.0,15.829,18.6,1713063788695
0.0,0.0,15.829,18.6,1713063788696
0.0,0.0,15.745,18.6,1713063788793
0.0,0.0,15.745,18.6,1713063788796
0.0,0.0,15.724,18.6,1713063788890
0.0,0.0,15.724,18.6,1713063788907
0.0,0.0,15.704,18.6,1713063788987
0.0,0.0,15.704,18.6,1713063788988
0.0,0.0,15.693,18.6,1713063789087
0.0,0.0,15.693,18.6,1713063789089
0.0,0.0,15.693,18.6,1713063789189
0.0,0.0,15.693,18.6,1713063789192
0.0,0.0,15.641,18.6,1713063789284
0.0,0.0,15.641,18.6,1713063789287
0.0,0.0,15.61,18.6,1713063789414
0.0,0.0,15.61,18.6,1713063789416
0.0,0.0,15.693,18.6,1713063789484
0.0,0.0,15.693,18.6,1713063789486
0.0,0.0,15.683,18.6,1713063789576
0.0,0.0,15.683,18.6,1713063789578
0.0,0.0,15.6,18.6,1713063789673
0.0,0.0,15.6,18.6,1713063789675
0.0,0.0,15.568,18.6,1713063789773
0.0,0.0,15.568,18.6,1713063789775
0.0,0.0,15.506,18.6,1713063789863
0.0,0.0,15.506,18.6,1713063789865
0.0,0.0,15.433,18.6,1713063789996
0.0,0.0,15.433,18.6,1713063789998
0.0,0.0,15.454,18.6,1713063790069
0.0,0.0,15.454,18.6,1713063790070
0.0,0.0,15.485,18.6,1713063790153
0.0,0.0,15.485,18.6,1713063790156
0.0,0.0,15.516,18.6,1713063790257
0.0,0.0,15.516,18.6,1713063790260
0.0,0.0,15.506,18.6,1713063790349
0.0,0.0,15.506,18.6,1713063790355
0.0,0.0,15.475,18.6,1713063790440
0.0,0.0,15.475,18.6,1713063790441
0.0,0.0,15.444,18.6,1713063790540
0.0,0.0,15.444,18.6,1713063790541
0.0,0.0,15.381,18.6,1713063790639
0.0,0.0,15.381,18.6,1713063790641
0.0,0.0,15.35,18.6,1713063790741
0.0,0.0,15.35,18.6,1713063790742
0.0,0.0,15.371,18.6,1713063790832
0.0,0.0,15.371,18.6,1713063790834
0.0,0.0,15.391,18.6,1713063790927
0.0,0.0,15.391,18.6,1713063790928
0.0,0.0,15.423,18.6,1713063791035
0.0,0.0,15.423,18.6,1713063791037
0.0,0.0,15.506,18.6,1713063791126
0.0,0.0,15.506,18.6,1713063791128
0.0,0.0,15.6,18.6,1713063791224
0.0,0.0,15.6,18.6,1713063791225
0.0,0.0,15.537,18.6,1713063791315
0.0,0.0,15.537,18.6,1713063791318
0.0,0.0,15.506,18.6,1713063791411
0.0,0.0,15.506,18.6,1713063791415
0.0,0.0,15.444,18.6,1713063791507
0.0,0.0,15.444,18.6,1713063791508
0.0,0.0,15.412,18.6,1713063791606
0.0,0.0,15.412,18.6,1713063791607
0.0,0.0,15.391,18.6,1713063791707
0.0,0.0,15.391,18.6,1713063791722
0.0,0.0,15.371,18.6,1713063791801
0.0,0.0,15.371,18.6,1713063791803
0.0,0.0,15.35,18.6,1713063791894
0.0,0.0,15.35,18.6,1713063791898
0.0,0.0,15.402,18.6,1713063791997
0.0,0.0,15.402,18.6,1713063791998
0.0,0.0,15.339,18.6,1713063792091
0.0,0.0,15.339,18.6,1713063792094
0.0,0.0,15.308,18.6,1713063792196
0.0,0.0,15.308,18.6,1713063792205
0.0,0.0,15.308,18.6,1713063792282
0.0,0.0,15.308,18.6,1713063792284
0.0,0.0,15.308,18.6,1713063792376
0.0,0.0,15.308,18.6,1713063792377
0.0,0.0,15.381,18.6,1713063792470
0.0,0.0,15.381,18.6,1713063792472
0.0,0.0,15.35,18.6,1713063792566
0.0,0.0,15.35,18.6,1713063792568
0.0,0.0,15.402,18.6,1713063792668
0.0,0.0,15.402,18.6,1713063792669
0.0,0.0,15.485,18.6,1713063792765
0.0,0.0,15.485,18.6,1713063792767
0.0,0.0,15.464,18.6,1713063792863
0.0,0.0,15.464,18.6,1713063792865
0.0,0.0,15.433,18.6,1713063792977
0.0,0.0,15.433,18.6,1713063792979
0.0,0.0,15.464,18.6,1713063793054
0.0,0.0,15.464,18.6,1713063793055
0.0,0.0,15.454,18.6,1713063793150
0.0,0.0,15.454,18.6,1713063793154
0.0,0.0,15.558,18.6,1713063793255
0.0,0.0,15.558,18.6,1713063793256
0.0,0.0,15.631,18.6,1713063793342
0.0,0.0,15.631,18.6,1713063793343
0.0,0.0,15.641,18.6,1713063793442
0.0,0.0,15.641,18.6,1713063793447
0.0,0.0,15.589,18.6,1713063793539
0.0,0.0,15.589,18.6,1713063793541
0.0,0.0,15.61,18.6,1713063793634
0.0,0.0,15.61,18.6,1713063793636
0.0,0.0,15.6,18.6,1713063793730
0.0,0.0,15.6,18.6,1713063793732
0.0,0.0,15.558,18.6,1713063793827
0.0,0.0,15.558,18.6,1713063793828
0.0,0.0,15.548,18.6,1713063793928
0.0,0.0,15.548,18.6,1713063793931
0.0,0.0,15.579,18.6,1713063794020
0.0,0.0,15.579,18.6,1713063794021
0.0,0.0,15.641,18.6,1713063794115
0.0,0.0,15.641,18.6,1713063794117
0.0,0.0,15.662,18.6,1713063794217
0.0,0.0,15.662,18.6,1713063794219
0.0,0.0,15.589,18.6,1713063794311
0.0,0.0,15.589,18.6,1713063794313
0.0,0.0,15.548,18.6,1713063794409
0.0,0.0,15.548,18.6,1713063794416
0.0,0.0,15.516,18.6,1713063794508
0.0,0.0,15.516,18.6,1713063794510
0.0,0.0,15.454,18.6,1713063794600
0.0,0.0,15.454,18.6,1713063794604
0.0,0.0,15.475,18.6,1713063794709
0.0,0.0,15.475,18.6,1713063794718
0.0,0.0,15.496,18.6,1713063794799
0.0,0.0,15.496,18.6,1713063794801
0.0,0.0,15.506,18.6,1713063794891
0.0,0.0,15.506,18.6,1713063794892
0.0,0.0,15.6,18.6,1713063794990
0.0,0.0,15.6,18.6,1713063794993
0.0,0.0,15.537,18.6,1713063795080
0.0,0.0,15.537,18.6,1713063795083
0.0,0.0,15.589,18.6,1713063795179
0.0,0.0,15.589,18.6,1713063795181
0.0,0.0,15.568,18.6,1713063795274
0.0,0.0,15.568,18.6,1713063795276
0.0,0.0,15.589,18.6,1713063795372
0.0,0.0,15.589,18.6,1713063795373
0.0,0.0,15.693,18.6,1713063795475
0.0,0.0,15.693,18.6,1713063795478
0.0,0.0,15.724,18.6,1713063795570
0.0,0.0,15.724,18.6,1713063795572
0.0,0.0,15.766,18.6,1713063795667
0.0,0.0,15.766,18.6,1713063795668
0.0,0.0,15.829,18.6,1713063795767
0.0,0.0,15.829,18.6,1713063795769
0.0,0.0,15.818,18.6,1713063795866
0.0,0.0,15.818,18.6,1713063795869
0.0,0.0,15.849,18.6,1713063795956
0.0,0.0,15.849,18.6,1713063795957
0.0,0.0,15.901,18.6,1713063796058
0.0,0.0,15.901,18.6,1713063796069
0.0,0.0,15.881,18.6,1713063796157
0.0,0.0,15.881,18.6,1713063796159
0.0,0.0,15.974,18.6,1713063796256
0.0,0.0,15.974,18.6,1713063796260
0.0,0.0,15.985,18.6,1713063796355
0.0,0.0,15.985,18.6,1713063796360
0.0,0.0,16.005,18.6,1713063796450
0.0,0.0,16.005,18.6,1713063796456
0.0,0.0,15.995,18.6,1713063796578
0.0,0.0,15.995,18.6,1713063796580
0.0,0.0,15.912,18.6,1713063796659
0.0,0.0,15.912,18.6,1713063796661
0.0,0.0,15.86,18.6,1713063796749
0.0,0.0,15.86,18.6,1713063796750
0.0,0.0,15.953,18.6,1713063796840
0.0,0.0,15.953,18.6,1713063796842
0.0,0.0,15.953,18.6,1713063796943
0.0,0.0,15.953,18.6,1713063796945
0.0,0.0,15.974,18.6,1713063797037
0.0,0.0,15.974,18.6,1713063797039
0.0,0.0,15.922,18.6,1713063797140
0.0,0.0,15.922,18.6,1713063797143
0.0,0.0,15.881,18.6,1713063797239
0.0,0.0,15.881,18.6,1713063797241
0.0,0.0,15.86,18.6,1713063797340
0.0,0.0,15.86,18.6,1713063797343
0.0,0.0,15.777,18.6,1713063797430
0.0,0.0,15.777,18.6,1713063797431
0.0,0.0,15.766,18.6,1713063797529
0.0,0.0,15.766,18.6,1713063797544
0.0,0.0,15.787,18.6,1713063797631
0.0,0.0,15.787,18.6,1713063797632
0.0,0.0,15.849,18.6,1713063797734
0.0,0.0,15.849,18.6,1713063797736
0.0,0.0,15.912,18.6,1713063797830
0.0,0.0,15.912,18.6,1713063797833
0.0,0.0,15.901,18.6,1713063797928
0.0,0.0,15.901,18.6,1713063797934
0.0,0.0,15.839,18.6,1713063798031
0.0,0.0,15.839,18.6,1713063798033
0.0,0.0,15.839,18.6,1713063798119
0.0,0.0,15.839,18.6,1713063798122
0.0,0.0,15.756,18.6,1713063798213
0.0,0.0,15.756,18.6,1713063798214
0.0,0.0,15.766,18.6,1713063798312
0.0,0.0,15.766,18.6,1713063798314
0.0,0.0,15.818,18.6,1713063798410
0.0,0.0,15.818,18.6,1713063798411
0.0,0.0,15.797,18.6,1713063798509
0.0,0.0,15.797,18.6,1713063798511
0.0,0.0,15.777,18.6,1713063798606
0.0,0.0,15.777,18.6,1713063798607
0.0,0.0,15.849,18.6,1713063798704
0.0,0.0,15.849,18.6,1713063798706
0.0,0.0,15.849,18.6,1713063798916
0.0,0.0,15.849,18.6,1713063798918
0.0,0.0,15.818,18.6,1713063798998
0.0,0.0,15.818,18.6,1713063799000
0.0,0.0,15.714,18.6,1713063799093
0.0,0.0,15.714,18.6,1713063799098
0.0,0.0,15.683,18.6,1713063799189
0.0,0.0,15.683,18.6,1713063799191
0.0,0.0,15.693,18.6,1713063799293
0.0,0.0,15.693,18.6,1713063799295
0.0,0.0,15.704,18.6,1713063799385
0.0,0.0,15.704,18.6,1713063799386
0.0,0.0,15.766,18.6,1713063799500
0.0,0.0,15.766,18.6,1713063799502
0.0,0.0,15.745,18.6,1713063799578
0.0,0.0,15.745,18.6,1713063799580
0.0,0.0,15.777,18.6,1713063799676
0.0,0.0,15.777,18.6,1713063799678
0.0,0.0,15.745,18.6,1713063799772
0.0,0.0,15.745,18.6,1713063799773
0.0,0.0,15.808,18.6,1713063799879
0.0,0.0,15.808,18.6,1713063799882
0.0,0.0,15.777,18.6,1713063799980
0.0,0.0,15.777,18.6,1713063799981
0.0,0.0,15.756,18.6,1713063800075
0.0,0.0,15.756,18.6,1713063800079
0.0,0.0,15.724,18.6,1713063800168
0.0,0.0,15.724,18.6,1713063800169
0.0,0.0,15.766,18.6,1713063800295
0.0,0.0,15.766,18.6,1713063800297
0.0,0.0,15.766,18.6,1713063800367
0.0,0.0,15.766,18.6,1713063800368
0.0,0.0,15.808,18.6,1713063800461
0.0,0.0,15.808,18.6,1713063800468
0.0,0.0,15.829,18.6,1713063800561
0.0,0.0,15.829,18.6,1713063800566
0.0,0.0,15.818,18.6,1713063800658
0.0,0.0,15.818,18.6,1713063800660
0.0,0.0,15.797,18.6,1713063800757
0.0,0.0,15.797,18.6,1713063800760
0.0,0.0,15.766,18.6,1713063800850
0.0,0.0,15.766,18.6,1713063800852
0.0,0.0,15.839,18.6,1713063800953
0.0,0.0,15.839,18.6,1713063800957
0.0,0.0,15.881,18.6,1713063801048
0.0,0.0,15.881,18.6,1713063801049
0.0,0.0,15.891,18.6,1713063801242
0.0,0.0,15.891,18.6,1713063801244
0.0,0.0,15.881,18.6,1713063801339
0.0,0.0,15.881,18.6,1713063801342
0.0,0.0,15.912,18.6,1713063801437
0.0,0.0,15.912,18.6,1713063801439
0.0,0.0,15.881,18.6,1713063801539
0.0,0.0,15.881,18.6,1713063801540
0.0,0.0,15.849,18.6,1713063801632
0.0,0.0,15.849,18.6,1713063801633
0.0,0.0,15.86,18.6,1713063801755
0.0,0.0,15.86,18.6,1713063801757
0.0,0.0,15.829,18.6,1713063801832
0.0,0.0,15.829,18.6,1713063801833
0.0,0.0,15.808,18.6,1713063801926
0.0,0.0,15.808,18.6,1713063801927
0.0,0.0,15.797,18.6,1713063802029
0.0,0.0,15.797,18.6,1713063802036
0.0,0.0,15.756,18.6,1713063802124
0.0,0.0,15.756,18.6,1713063802127
0.0,0.0,15.693,18.6,1713063802228
0.0,0.0,15.693,18.6,1713063802229
0.0,0.0,15.672,18.6,1713063802322
0.0,0.0,15.672,18.6,1713063802324
0.0,0.0,15.641,18.6,1713063802419
0.0,0.0,15.641,18.6,1713063802420
0.0,0.0,15.558,18.6,1713063802546
0.0,0.0,15.558,18.6,1713063802548
0.0,0.0,15.496,18.6,1713063802621
0.0,0.0,15.496,18.6,1713063802622
0.0,0.0,15.506,18.6,1713063802713
0.0,0.0,15.506,18.6,1713063802716
0.0,0.0,15.548,18.6,1713063802808
0.0,0.0,15.548,18.6,1713063802809
0.0,0.0,15.485,18.6,1713063802903
0.0,0.0,15.485,18.6,1713063802906
0.0,0.0,15.516,18.6,1713063803002
0.0,0.0,15.516,18.6,1713063803006
0.0,0.0,15.402,18.6,1713063803098
0.0,0.0,15.402,18.6,1713063803099
0.0,0.0,15.35,18.6,1713063803189
0.0,0.0,15.35,18.6,1713063803191
0.0,0.0,15.391,18.6,1713063803285
0.0,0.0,15.391,18.6,1713063803289
0.0,0.0,15.475,18.6,1713063803382
0.0,0.0,15.475,18.6,1713063803398
0.0,0.0,15.548,18.6,1713063803480
0.0,0.0,15.548,18.6,1713063803481
0.0,0.0,15.579,18.6,1713063803577
0.0,0.0,15.579,18.6,1713063803583
0.0,0.0,15.548,18.6,1713063803672
0.0,0.0,15.548,18.6,1713063803673
0.0,0.0,15.516,18.6,1713063803769
0.0,0.0,15.516,18.6,1713063803772
0.0,0.0,15.506,18.6,1713063803867
0.0,0.0,15.506,18.6,1713063803869
0.0,0.0,15.485,18.6,1713063803993
0.0,0.0,15.485,18.6,1713063803995
0.0,0.0,15.537,18.6,1713063804063
0.0,0.0,15.537,18.6,1713063804065
0.0,0.0,15.485,18.6,1713063804161
0.0,0.0,15.485,18.6,1713063804163
0.0,0.0,15.527,18.6,1713063804253
0.0,0.0,15.527,18.6,1713063804254
0.0,0.0,15.433,18.6,1713063804352
0.0,0.0,15.433,18.6,1713063804353
0.0,0.0,15.423,18.6,1713063804447
0.0,0.0,15.423,18.6,1713063804450
0.0,0.0,15.339,18.6,1713063804547
0.0,0.0,15.339,18.6,1713063804549
0.0,0.0,15.402,18.6,1713063804648
0.0,0.0,15.402,18.6,1713063804650
0.0,0.0,15.444,18.6,1713063804737
0.0,0.0,15.444,18.6,1713063804740
0.0,0.0,15.464,18.6,1713063804835
0.0,0.0,15.464,18.6,1713063804851
0.0,0.0,15.516,18.6,1713063804935
0.0,0.0,15.516,18.6,1713063804937
0.0,0.0,15.516,18.6,1713063805036
0.0,0.0,15.516,18.6,1713063805037
0.0,0.0,15.527,18.6,1713063805123
0.0,0.0,15.527,18.6,1713063805125
0.0,0.0,15.6,18.6,1713063805218
0.0,0.0,15.6,18.6,1713063805220
0.0,0.0,15.579,18.6,1713063805321
0.0,0.0,15.579,18.6,1713063805323
0.0,0.0,15.641,18.6,1713063805410
0.0,0.0,15.641,18.6,1713063805413
0.0,0.0,15.756,18.6,1713063805508
0.0,0.0,15.756,18.6,1713063805511
0.0,0.0,15.86,18.6,1713063805606
0.0,0.0,15.86,18.6,1713063805608
0.0,0.0,15.87,18.6,1713063805704
0.0,0.0,15.87,18.6,1713063805707
0.0,0.0,15.745,18.6,1713063805798
0.0,0.0,15.745,18.6,1713063805800
0.0,0.0,15.745,18.6,1713063805898
0.0,0.0,15.745,18.6,1713063805899
0.0,0.0,15.693,18.6,1713063806004
0.0,0.0,15.693,18.6,1713063806006
0.0,0.0,15.662,18.6,1713063806094
0.0,0.0,15.662,18.6,1713063806096
0.0,0.0,15.756,18.6,1713063806191
0.0,0.0,15.756,18.6,1713063806193
0.0,0.0,15.901,18.6,1713063806293
0.0,0.0,15.901,18.6,1713063806304
0.0,0.0,15.86,18.6,1713063806386
0.0,0.0,15.86,18.6,1713063806387
0.0,0.0,15.881,18.6,1713063806482
0.0,0.0,15.881,18.6,1713063806484
0.0,0.0,15.787,18.6,1713063806582
0.0,0.0,15.787,18.6,1713063806584
0.0,0.0,15.693,18.6,1713063806681
0.0,0.0,15.693,18.6,1713063806682
0.0,0.0,15.704,18.6,1713063806781
0.0,0.0,15.704,18.6,1713063806783
0.0,0.0,15.693,18.6,1713063806894
0.0,0.0,15.693,18.6,1713063806895
0.0,0.0,15.777,18.6,1713063806979
0.0,0.0,15.777,18.6,1713063806980
0.0,0.0,15.829,18.6,1713063807077
0.0,0.0,15.829,18.6,1713063807081
0.0,0.0,15.818,18.6,1713063807174
0.0,0.0,15.818,18.6,1713063807176
0.0,0.0,15.818,18.6,1713063807270
0.0,0.0,15.818,18.6,1713063807273
0.0,0.0,15.808,18.6,1713063807368
0.0,0.0,15.808,18.6,1713063807369
0.0,0.0,15.829,18.6,1713063807467
0.0,0.0,15.829,18.6,1713063807469
0.0,0.0,15.849,18.6,1713063807572
0.0,0.0,15.849,18.6,1713063807574
0.0,0.0,15.912,18.6,1713063807683
0.0,0.0,15.912,18.6,1713063807687
0.0,0.0,15.953,18.6,1713063807760
0.0,0.0,15.953,18.6,1713063807775
0.0,0.0,15.953,18.6,1713063807857
0.0,0.0,15.953,18.6,1713063807859
0.0,0.0,15.953,18.6,1713063807953
0.0,0.0,15.953,18.6,1713063807955
0.0,0.0,15.985,18.6,1713063808052
0.0,0.0,15.985,18.6,1713063808056
0.0,0.0,16.016,18.6,1713063808148
0.0,0.0,16.016,18.6,1713063808154
0.0,0.0,16.016,18.6,1713063808245
0.0,0.0,16.016,18.6,1713063808246
0.0,0.0,15.974,18.6,1713063808348
0.0,0.0,15.974,18.6,1713063808350
0.0,0.0,15.964,18.6,1713063808445
0.0,0.0,15.964,18.6,1713063808447
0.0,0.0,15.891,18.6,1713063808541
0.0,0.0,15.891,18.6,1713063808543
0.0,0.0,15.901,18.6,1713063808642
0.0,0.0,15.901,18.6,1713063808643
0.0,0.0,15.839,18.6,1713063808738
0.0,0.0,15.839,18.6,1713063808744
0.0,0.0,15.839,18.6,1713063808835
0.0,0.0,15.839,18.6,1713063808837
0.0,0.0,15.87,18.6,1713063808936
0.0,0.0,15.87,18.6,1713063808938
0.0,0.0,15.912,18.6,1713063809030
0.0,0.0,15.912,18.6,1713063809035
0.0,0.0,15.922,18.6,1713063809132
0.0,0.0,15.922,18.6,1713063809133
0.0,0.0,15.922,18.6,1713063809225
0.0,0.0,15.922,18.6,1713063809228
0.0,0.0,15.818,18.6,1713063809330
0.0,0.0,15.818,18.6,1713063809333
0.0,0.0,15.777,18.6,1713063809425
0.0,0.0,15.777,18.6,1713063809426
0.0,0.0,15.818,18.6,1713063809530
0.0,0.0,15.818,18.6,1713063809531
0.0,0.0,15.86,18.6,1713063809630
0.0,0.0,15.86,18.6,1713063809631
0.0,0.0,15.922,18.6,1713063809717
0.0,0.0,15.922,18.6,1713063809719
0.0,0.0,15.953,18.6,1713063809815
0.0,0.0,15.953,18.6,1713063809817
0.0,0.0,16.016,18.6,1713063809923
0.0,0.0,16.016,18.6,1713063809926
0.0,0.0,16.058,18.6,1713063810014
0.0,0.0,16.058,18.6,1713063810016
0.0,0.0,15.995,18.6,1713063810111
0.0,0.0,15.995,18.6,1713063810112
0.0,0.0,15.974,18.6,1713063810216
0.0,0.0,15.974,18.6,1713063810217
0.0,0.0,15.995,18.6,1713063810307
0.0,0.0,15.995,18.6,1713063810309
0.0,0.0,16.037,18.6,1713063810406
0.0,0.0,16.037,18.6,1713063810408
0.0,0.0,16.016,18.6,1713063810505
0.0,0.0,16.016,18.6,1713063810506
0.0,0.0,16.026,18.6,1713063810604
0.0,0.0,16.026,18.6,1713063810613
0.0,0.0,15.985,18.6,1713063810702
0.0,0.0,15.985,18.6,1713063810703
0.0,0.0,15.943,18.6,1713063810805
0.0,0.0,15.943,18.6,1713063810807
0.0,0.0,15.881,18.6,1713063810900
0.0,0.0,15.881,18.6,1713063810902
0.0,0.0,15.87,18.6,1713063811007
0.0,0.0,15.87,18.6,1713063811011
0.0,0.0,15.818,18.6,1713063811093
0.0,0.0,15.818,18.6,1713063811095
0.0,0.0,15.777,18.6,1713063811192
0.0,0.0,15.777,18.6,1713063811194
0.0,0.0,15.756,18.6,1713063811291
0.0,0.0,15.756,18.6,1713063811292
0.0,0.0,15.631,18.6,1713063811497
0.0,0.0,15.631,18.6,1713063811499
0.0,0.0,15.62,18.6,1713063811588
0.0,0.0,15.62,18.6,1713063811590
0.0,0.0,15.62,18.6,1713063811685
0.0,0.0,15.62,18.6,1713063811688
0.0,0.0,15.672,18.6,1713063811781
0.0,0.0,15.672,18.6,1713063811784
0.0,0.0,15.714,18.6,1713063811879
0.0,0.0,15.714,18.6,1713063811882
0.0,0.0,15.714,18.6,1713063811986
0.0,0.0,15.714,18.6,1713063811988
0.0,0.0,15.745,18.6,1713063812079
0.0,0.0,15.745,18.6,1713063812083
0.0,0.0,15.777,18.6,1713063812175
0.0,0.0,15.777,18.6,1713063812179
0.0,0.0,15.808,18.6,1713063812276
0.0,0.0,15.808,18.6,1713063812279
0.0,0.0,15.777,18.6,1713063812374
0.0,0.0,15.777,18.6,1713063812376
0.0,0.0,15.797,18.6,1713063812470
0.0,0.0,15.797,18.6,1713063812471
0.0,0.0,15.818,18.6,1713063812568
0.0,0.0,15.818,18.6,1713063812569
0.0,0.0,15.86,18.6,1713063812667
0.0,0.0,15.86,18.6,1713063812670
0.0,0.0,15.849,18.6,1713063812760
0.0,0.0,15.849,18.6,1713063812761
0.0,0.0,15.808,18.6,1713063812855
0.0,0.0,15.808,18.6,1713063812857
0.0,0.0,15.777,18.6,1713063812960
0.0,0.0,15.777,18.6,1713063812962
0.0,0.0,15.787,18.6,1713063813053
0.0,0.0,15.787,18.6,1713063813055
0.0,0.0,15.797,18.6,1713063813146
0.0,0.0,15.797,18.6,1713063813149
0.0,0.0,15.839,18.6,1713063813245
0.0,0.0,15.839,18.6,1713063813249
0.0,0.0,15.901,18.6,1713063813344
0.0,0.0,15.901,18.6,1713063813346
0.0,0.0,15.901,18.6,1713063813445
0.0,0.0,15.901,18.6,1713063813447
0.0,0.0,15.953,18.6,1713063813547
0.0,0.0,15.953,18.6,1713063813561
0.0,0.0,15.881,18.6,1713063813639
0.0,0.0,15.881,18.6,1713063813641
0.0,0.0,15.974,18.6,1713063813740
0.0,0.0,15.974,18.6,1713063813742
0.0,0.0,16.037,18.6,1713063813840
0.0,0.0,16.037,18.6,1713063813847
0.0,0.0,16.068,18.6,1713063813936
0.0,0.0,16.068,18.6,1713063813939
0.0,0.0,16.047,18.6,1713063814036
0.0,0.0,16.047,18.6,1713063814039
0.0,0.0,16.047,18.6,1713063814131
0.0,0.0,16.047,18.6,1713063814133
0.0,0.0,16.078,18.6,1713063814229
0.0,0.0,16.078,18.6,1713063814231
0.0,0.0,16.068,18.6,1713063814324
0.0,0.0,16.068,18.6,1713063814326
0.0,0.0,16.089,18.6,1713063814423
0.0,0.0,16.089,18.6,1713063814424
0.0,0.0,16.099,18.6,1713063814522
0.0,0.0,16.099,18.6,1713063814524
0.0,0.0,16.162,18.6,1713063814624
0.0,0.0,16.162,18.6,1713063814629
0.0,0.0,16.151,18.6,1713063814725
0.0,0.0,16.151,18.6,1713063814727
0.0,0.0,16.13,18.6,1713063814819
0.0,0.0,16.13,18.6,1713063814820
0.0,0.0,16.089,18.6,1713063814919
0.0,0.0,16.089,18.6,1713063814932
0.0,0.0,15.995,18.6,1713063815014
0.0,0.0,15.995,18.6,1713063815015
0.0,0.0,15.953,18.6,1713063815123
0.0,0.0,15.953,18.6,1713063815126
0.0,0.0,15.953,18.6,1713063815213
0.0,0.0,15.953,18.6,1713063815215
0.0,0.0,15.953,18.6,1713063815308
0.0,0.0,15.953,18.6,1713063815309
0.0,0.0,15.943,18.6,1713063815407
0.0,0.0,15.943,18.6,1713063815409
0.0,0.0,15.964,18.6,1713063815503
0.0,0.0,15.964,18.6,1713063815505
0.0,0.0,15.985,18.6,1713063815604
0.0,0.0,15.985,18.6,1713063815608
0.0,0.0,16.005,18.6,1713063815704
0.0,0.0,16.005,18.6,1713063815706
0.0,0.0,15.943,18.6,1713063815804
0.0,0.0,15.943,18.6,1713063815806
0.0,0.0,15.901,18.6,1713063815914
0.0,0.0,15.901,18.6,1713063815916
0.0,0.0,15.943,18.6,1713063816018
0.0,0.0,15.943,18.6,1713063816021
0.0,0.0,15.995,18.6,1713063816120
0.0,0.0,15.995,18.6,1713063816122
0.0,0.0,16.016,18.6,1713063816223
0.0,0.0,16.016,18.6,1713063816225
0.0,0.0,15.995,18.6,1713063816353
0.0,0.0,15.995,18.6,1713063816355
0.0,0.0,16.005,18.6,1713063816392
0.0,0.0,16.005,18.6,1713063816395
0.0,0.0,16.005,18.6,1713063816498
0.0,0.0,16.005,18.6,1713063816500
0.0,0.0,15.964,18.6,1713063816592
0.0,0.0,15.964,18.6,1713063816594
0.0,0.0,16.047,18.6,1713063816731
0.0,0.0,16.047,18.6,1713063816734
0.0,0.0,16.058,18.6,1713063816834
0.0,0.0,16.058,18.6,1713063816837
0.0,0.0,15.995,18.6,1713063816987
0.0,0.0,15.995,18.6,1713063816989
0.0,0.0,15.964,18.6,1713063817116
0.0,0.0,15.964,18.6,1713063817122
0.0,0.0,15.881,18.6,1713063817181
0.0,0.0,15.881,18.6,1713063817183
0.0,0.0,15.787,18.6,1713063817286
0.0,0.0,15.787,18.6,1713063817287
0.0,0.0,15.735,18.6,1713063817375
0.0,0.0,15.735,18.6,1713063817376
0.0,0.0,15.662,18.6,1713063817477
0.0,0.0,15.662,18.6,1713063817479
0.0,0.0,15.641,18.6,1713063817570
0.0,0.0,15.641,18.6,1713063817572
0.0,0.0,15.61,18.6,1713063817671
0.0,0.0,15.61,18.6,1713063817672
0.0,0.0,15.6,18.6,1713063817766
0.0,0.0,15.6,18.6,1713063817768
0.0,0.0,15.631,18.6,1713063817865
0.0,0.0,15.631,18.6,1713063817879
0.0,0.0,15.62,18.6,1713063817957
0.0,0.0,15.62,18.6,1713063817959
0.0,0.0,15.662,18.6,1713063818052
0.0,0.0,15.662,18.6,1713063818056
0.0,0.0,15.683,18.6,1713063818161
0.0,0.0,15.683,18.6,1713063818165
0.0,0.0,15.683,18.6,1713063818251
0.0,0.0,15.683,18.6,1713063818254
0.0,0.0,15.756,18.6,1713063818353
0.0,0.0,15.756,18.6,1713063818356
0.0,0.0,15.756,18.6,1713063818447
0.0,0.0,15.756,18.6,1713063818448
0.0,0.0,15.808,18.6,1713063818544
0.0,0.0,15.808,18.6,1713063818546
0.0,0.0,15.818,18.6,1713063818641
0.0,0.0,15.818,18.6,1713063818644
0.0,0.0,15.87,18.6,1713063818744
0.0,0.0,15.87,18.6,1713063818747
0.0,0.0,15.912,18.6,1713063818842
0.0,0.0,15.912,18.6,1713063818844
0.0,0.0,15.974,18.6,1713063818944
0.0,0.0,15.974,18.6,1713063818948
0.0,0.0,15.995,18.6,1713063819037
0.0,0.0,15.995,18.6,1713063819040
0.0,0.0,16.037,18.6,1713063819131
0.0,0.0,16.037,18.6,1713063819133
0.0,0.0,16.068,18.6,1713063819234
0.0,0.0,16.068,18.6,1713063819236
0.0,0.0,16.068,18.6,1713063819334
0.0,0.0,16.068,18.6,1713063819348
0.0,0.0,16.037,18.6,1713063819428
0.0,0.0,16.037,18.6,1713063819429
0.0,0.0,16.016,18.6,1713063819531
0.0,0.0,16.016,18.6,1713063819533
0.0,0.0,15.964,18.6,1713063819624
0.0,0.0,15.964,18.6,1713063819627
0.0,0.0,15.953,18.6,1713063819730
0.0,0.0,15.953,18.6,1713063819733
0.0,0.0,15.922,18.6,1713063819824
0.0,0.0,15.922,18.6,1713063819826
0.0,0.0,15.829,18.6,1713063819919
0.0,0.0,15.829,18.6,1713063819923
0.0,0.0,15.766,18.6,1713063820041
0.0,0.0,15.766,18.6,1713063820042
0.0,0.0,15.724,18.6,1713063820117
0.0,0.0,15.724,18.6,1713063820119
0.0,0.0,15.745,18.6,1713063820219
0.0,0.0,15.745,18.6,1713063820221
0.0,0.0,15.766,18.6,1713063820315
0.0,0.0,15.766,18.6,1713063820318
0.0,0.0,15.818,18.6,1713063820418
0.0,0.0,15.818,18.6,1713063820419
0.0,0.0,15.86,18.6,1713063820509
0.0,0.0,15.86,18.6,1713063820511
0.0,0.0,15.86,18.6,1713063820607
0.0,0.0,15.86,18.6,1713063820609
0.0,0.0,15.881,18.6,1713063820708
0.0,0.0,15.881,18.6,1713063820709
0.0,0.0,15.891,18.6,1713063820807
0.0,0.0,15.891,18.6,1713063820814
0.0,0.0,15.839,18.6,1713063820905
0.0,0.0,15.839,18.6,1713063820907
0.0,0.0,15.881,18.6,1713063821004
0.0,0.0,15.881,18.6,1713063821006
0.0,0.0,15.891,18.6,1713063821101
0.0,0.0,15.891,18.6,1713063821104
0.0,0.0,15.943,18.6,1713063821198
0.0,0.0,15.943,18.6,1713063821201
0.0,0.0,16.005,18.6,1713063821296
0.0,0.0,16.005,18.6,1713063821297
0.0,0.0,16.089,18.6,1713063821429
0.0,0.0,16.089,18.6,1713063821433
0.0,0.0,16.037,18.6,1713063821510
0.0,0.0,16.037,18.6,1713063821514
0.0,0.0,16.037,18.6,1713063821592
0.0,0.0,16.037,18.6,1713063821594
0.0,0.0,16.047,18.6,1713063821694
0.0,0.0,16.047,18.6,1713063821696
0.0,0.0,16.11,18.6,1713063821789
0.0,0.0,16.11,18.6,1713063821791
0.0,0.0,16.047,18.6,1713063821894
0.0,0.0,16.047,18.6,1713063821897
0.0,0.0,15.953,18.6,1713063821989
0.0,0.0,15.953,18.6,1713063821991
0.0,0.0,15.995,18.6,1713063822084
0.0,0.0,15.995,18.6,1713063822090
0.0,0.0,15.995,18.6,1713063822184
0.0,0.0,15.995,18.6,1713063822188
0.0,0.0,15.974,18.6,1713063822283
0.0,0.0,15.974,18.6,1713063822288
0.0,0.0,15.933,18.6,1713063822381
0.0,0.0,15.933,18.6,1713063822384
0.0,0.0,15.901,18.6,1713063822478
0.0,0.0,15.901,18.6,1713063822480
0.0,0.0,15.943,18.6,1713063822583
0.0,0.0,15.943,18.6,1713063822585
0.0,0.0,16.037,18.6,1713063822677
0.0,0.0,16.037,18.6,1713063822678
0.0,0.0,16.058,18.6,1713063822775
0.0,0.0,16.058,18.6,1713063822776
0.0,0.0,15.985,18.6,1713063822876
0.0,0.0,15.985,18.6,1713063822878
0.0,0.0,15.901,18.6,1713063822982
0.0,0.0,15.901,18.6,1713063822984
0.0,0.0,15.974,18.6,1713063823071
0.0,0.0,15.974,18.6,1713063823072
0.0,0.0,16.099,18.6,1713063823171
0.0,0.0,16.099,18.6,1713063823173
0.0,0.0,16.099,18.6,1713063823266
0.0,0.0,16.099,18.6,1713063823268
0.0,0.0,16.151,18.6,1713063823367
0.0,0.0,16.151,18.6,1713063823369
0.0,0.0,16.255,18.6,1713063823463
0.0,0.0,16.255,18.6,1713063823467
0.0,0.0,16.224,18.6,1713063823569
0.0,0.0,16.224,18.6,1713063823571
0.0,0.0,16.182,18.6,1713063823690
0.0,0.0,16.182,18.6,1713063823704
0.0,0.0,16.193,18.6,1713063823767
0.0,0.0,16.193,18.6,1713063823768
0.0,0.0,16.11,18.6,1713063823866
0.0,0.0,16.11,18.6,1713063823867
0.0,0.0,16.11,18.6,1713063823960
0.0,0.0,16.11,18.6,1713063823963
0.0,0.0,16.203,18.6,1713063824057
0.0,0.0,16.203,18.6,1713063824060
0.0,0.0,16.224,18.6,1713063824159
0.0,0.0,16.224,18.6,1713063824160
0.0,0.0,16.214,18.6,1713063824263
0.0,0.0,16.214,18.6,1713063824264
0.0,0.0,16.151,18.6,1713063824354
0.0,0.0,16.151,18.6,1713063824355
0.0,0.0,16.162,18.6,1713063824452
0.0,0.0,16.162,18.6,1713063824455
0.0,0.0,16.005,18.6,1713063824558
0.0,0.0,16.005,18.6,1713063824560
0.0,0.0,15.974,18.6,1713063824651
0.0,0.0,15.974,18.6,1713063824653
0.0,0.0,16.058,18.6,1713063824750
0.0,0.0,16.058,18.6,1713063824755
0.0,0.0,16.11,18.6,1713063824847
0.0,0.0,16.11,18.6,1713063824849
0.0,0.0,16.11,18.6,1713063824951
0.0,0.0,16.11,18.6,1713063824954
0.0,0.0,16.162,18.6,1713063825053
0.0,0.0,16.162,18.6,1713063825057
0.0,0.0,16.234,18.6,1713063825147
0.0,0.0,16.234,18.6,1713063825151
0.0,0.0,16.193,18.6,1713063825251
0.0,0.0,16.193,18.6,1713063825253
0.0,0.0,16.224,18.6,1713063825356
0.0,0.0,16.224,18.6,1713063825358
0.0,0.0,16.214,18.6,1713063825448
0.0,0.0,16.214,18.6,1713063825450
0.0,0.0,16.203,18.6,1713063825546
0.0,0.0,16.203,18.6,1713063825548
0.0,0.0,16.172,18.6,1713063825644
0.0,0.0,16.172,18.6,1713063825646
0.0,0.0,16.224,18.6,1713063825745
0.0,0.0,16.224,18.6,1713063825747
0.0,0.0,16.286,18.6,1713063825838
0.0,0.0,16.286,18.6,1713063825839
0.0,0.0,16.266,18.6,1713063825952
0.0,0.0,16.266,18.6,1713063825954
0.0,0.0,16.255,18.6,1713063826038
0.0,0.0,16.255,18.6,1713063826041
0.0,0.0,16.276,18.6,1713063826139
0.0,0.0,16.276,18.6,1713063826142
0.0,0.0,16.266,18.6,1713063826246
0.0,0.0,16.266,18.6,1713063826248
0.0,0.0,16.214,18.6,1713063826339
0.0,0.0,16.214,18.6,1713063826342
0.0,0.0,16.214,18.6,1713063826429
0.0,0.0,16.214,18.6,1713063826430
0.0,0.0,16.193,18.6,1713063826558
0.0,0.0,16.193,18.6,1713063826572
0.0,0.0,16.203,18.6,1713063826644
0.0,0.0,16.203,18.6,1713063826649
0.0,0.0,16.234,18.6,1713063826730
0.0,0.0,16.234,18.6,1713063826732
0.0,0.0,16.234,18.6,1713063826828
0.0,0.0,16.234,18.6,1713063826831
0.0,0.0,16.214,18.6,1713063826927
0.0,0.0,16.214,18.6,1713063826929
0.0,0.0,16.203,18.6,1713063827027
0.0,0.0,16.203,18.6,1713063827031
0.0,0.0,16.182,18.6,1713063827128
0.0,0.0,16.182,18.6,1713063827131
0.0,0.0,16.162,18.6,1713063827227
0.0,0.0,16.162,18.6,1713063827230
0.0,0.0,16.203,18.6,1713063827326
0.0,0.0,16.203,18.6,1713063827327
0.0,0.0,16.234,18.6,1713063827423
0.0,0.0,16.234,18.6,1713063827425
0.0,0.0,16.286,18.6,1713063827523
0.0,0.0,16.286,18.6,1713063827525
0.0,0.0,16.349,18.6,1713063827622
0.0,0.0,16.349,18.6,1713063827625
0.0,0.0,16.359,18.6,1713063827736
0.0,0.0,16.359,18.6,1713063827740
0.0,0.0,16.359,18.6,1713063827821
0.0,0.0,16.359,18.6,1713063827823
0.0,0.0,16.307,18.6,1713063827929
0.0,0.0,16.307,18.6,1713063827931
0.0,0.0,16.234,18.6,1713063828023
0.0,0.0,16.234,18.6,1713063828028
0.0,0.0,16.214,18.6,1713063828121
0.0,0.0,16.214,18.6,1713063828124
0.0,0.0,16.214,18.6,1713063828216
0.0,0.0,16.214,18.6,1713063828218
0.0,0.0,16.214,18.6,1713063828313
0.0,0.0,16.214,18.6,1713063828316
0.0,0.0,16.245,18.6,1713063828411
0.0,0.0,16.245,18.6,1713063828414
0.0,0.0,16.224,18.6,1713063828512
0.0,0.0,16.224,18.6,1713063828514
0.0,0.0,16.151,18.6,1713063828619
0.0,0.0,16.151,18.6,1713063828623
0.0,0.0,16.078,18.6,1713063828712
0.0,0.0,16.078,18.6,1713063828716
0.0,0.0,16.089,18.6,1713063828823
0.0,0.0,16.089,18.6,1713063828826
0.0,0.0,16.151,18.6,1713063828910
0.0,0.0,16.151,18.6,1713063828912
0.0,0.0,16.099,18.6,1713063829012
0.0,0.0,16.099,18.6,1713063829014
0.0,0.0,16.068,18.6,1713063829111
0.0,0.0,16.068,18.6,1713063829114
0.0,0.0,16.099,18.6,1713063829208
0.0,0.0,16.099,18.6,1713063829211
0.0,0.0,16.141,18.6,1713063829301
0.0,0.0,16.141,18.6,1713063829303
0.0,0.0,16.151,18.6,1713063829412
0.0,0.0,16.151,18.6,1713063829430
0.0,0.0,16.13,18.6,1713063829503
0.0,0.0,16.13,18.6,1713063829504
0.0,0.0,16.047,18.6,1713063829607
0.0,0.0,16.047,18.6,1713063829609
0.0,0.0,15.995,18.6,1713063829702
0.0,0.0,15.995,18.6,1713063829703
0.0,0.0,15.995,18.6,1713063829801
0.0,0.0,15.995,18.6,1713063829804
0.0,0.0,16.099,18.6,1713063829903
0.0,0.0,16.099,18.6,1713063829905
0.0,0.0,16.151,18.6,1713063830000
0.0,0.0,16.151,18.6,1713063830004
0.0,0.0,16.089,18.6,1713063830095
0.0,0.0,16.089,18.6,1713063830097
0.0,0.0,16.068,18.6,1713063830197
0.0,0.0,16.068,18.6,1713063830199
0.0,0.0,16.078,18.6,1713063830315
0.0,0.0,16.078,18.6,1713063830316
0.0,0.0,16.089,18.6,1713063830396
0.0,0.0,16.089,18.6,1713063830398
0.0,0.0,16.047,18.6,1713063830501
0.0,0.0,16.047,18.6,1713063830502
0.0,0.0,16.005,18.6,1713063830590
0.0,0.0,16.005,18.6,1713063830592
0.0,0.0,15.995,18.6,1713063830692
0.0,0.0,15.995,18.6,1713063830694
0.0,0.0,16.016,18.6,1713063830798
0.0,0.0,16.016,18.6,1713063830799
0.0,0.0,16.037,18.6,1713063830922
0.0,0.0,16.037,18.6,1713063830926
0.0,0.0,16.037,18.6,1713063831005
0.0,0.0,16.037,18.6,1713063831008
0.0,0.0,16.089,18.6,1713063831089
0.0,0.0,16.089,18.6,1713063831090
0.0,0.0,16.141,18.6,1713063831186
0.0,0.0,16.141,18.6,1713063831187
0.0,0.0,16.13,18.6,1713063831286
0.0,0.0,16.13,18.6,1713063831288
0.0,0.0,16.234,18.6,1713063831382
0.0,0.0,16.234,18.6,1713063831383
0.0,0.0,16.193,18.6,1713063831485
0.0,0.0,16.193,18.6,1713063831488
0.0,0.0,16.203,18.6,1713063831586
0.0,0.0,16.203,18.6,1713063831593
0.0,0.0,16.12,18.6,1713063831686
0.0,0.0,16.12,18.6,1713063831688
0.0,0.0,16.214,18.6,1713063831796
0.0,0.0,16.214,18.6,1713063831798
0.0,0.0,16.266,18.6,1713063831883
0.0,0.0,16.266,18.6,1713063831887
0.0,0.0,16.203,18.6,1713063831985
0.0,0.0,16.203,18.6,1713063831987
0.0,0.0,16.182,18.6,1713063832084
0.0,0.0,16.182,18.6,1713063832088
0.0,0.0,16.203,18.6,1713063832186
0.0,0.0,16.203,18.6,1713063832188
0.0,0.0,16.193,18.6,1713063832280
0.0,0.0,16.193,18.6,1713063832282
0.0,0.0,16.172,18.6,1713063832376
0.0,0.0,16.172,18.6,1713063832385
0.0,0.0,16.151,18.6,1713063832480
0.0,0.0,16.151,18.6,1713063832482
0.0,0.0,16.141,18.6,1713063832576
0.0,0.0,16.141,18.6,1713063832578
0.0,0.0,16.172,18.6,1713063832676
0.0,0.0,16.172,18.6,1713063832682
0.0,0.0,16.224,18.6,1713063832779
0.0,0.0,16.224,18.6,1713063832781
0.0,0.0,16.214,18.6,1713063832874
0.0,0.0,16.214,18.6,1713063832878
0.0,0.0,16.203,18.6,1713063832977
0.0,0.0,16.203,18.6,1713063832979
0.0,0.0,16.089,18.6,1713063833097
0.0,0.0,16.089,18.6,1713063833100
0.0,0.0,16.037,18.6,1713063833180
0.0,0.0,16.037,18.6,1713063833183
0.0,0.0,16.047,18.6,1713063833266
0.0,0.0,16.047,18.6,1713063833268
0.0,0.0,16.026,18.6,1713063833370
0.0,0.0,16.026,18.6,1713063833371
0.0,0.0,15.953,18.6,1713063833464
0.0,0.0,15.953,18.6,1713063833466
0.0,0.0,15.829,18.6,1713063833563
0.0,0.0,15.829,18.6,1713063833565
0.0,0.0,15.797,18.6,1713063833665
0.0,0.0,15.797,18.6,1713063833669
0.0,0.0,15.86,18.6,1713063833759
0.0,0.0,15.86,18.6,1713063833774
0.0,0.0,15.86,18.6,1713063833858
0.0,0.0,15.86,18.6,1713063833859
0.0,0.0,15.891,18.6,1713063833959
0.0,0.0,15.891,18.6,1713063833962
0.0,0.0,15.922,18.6,1713063834056
0.0,0.0,15.922,18.6,1713063834060
0.0,0.0,15.829,18.6,1713063834160
0.0,0.0,15.829,18.6,1713063834162
0.0,0.0,15.745,18.6,1713063834255
0.0,0.0,15.745,18.6,1713063834261
0.0,0.0,15.724,18.6,1713063834351
0.0,0.0,15.724,18.6,1713063834353
0.0,0.0,15.787,18.6,1713063834446
0.0,0.0,15.787,18.6,1713063834447
0.0,0.0,15.756,18.6,1713063834547
0.0,0.0,15.756,18.6,1713063834554
0.0,0.0,15.787,18.6,1713063834663
0.0,0.0,15.787,18.6,1713063834666
0.0,0.0,15.724,18.6,1713063834742
0.0,0.0,15.724,18.6,1713063834744
0.0,0.0,15.704,18.6,1713063834842
0.0,0.0,15.704,18.6,1713063834845
0.0,0.0,15.693,18.6,1713063834938
0.0,0.0,15.693,18.6,1713063834942
0.0,0.0,15.704,18.6,1713063835035
0.0,0.0,15.704,18.6,1713063835037
0.0,0.0,15.672,18.6,1713063835132
0.0,0.0,15.672,18.6,1713063835134
0.0,0.0,15.61,18.6,1713063835240
0.0,0.0,15.61,18.6,1713063835255
0.0,0.0,15.683,18.6,1713063835329
0.0,0.0,15.683,18.6,1713063835332
0.0,0.0,15.724,18.6,1713063835540
0.0,0.0,15.724,18.6,1713063835542
0.0,0.0,15.714,18.6,1713063835621
0.0,0.0,15.714,18.6,1713063835622
0.0,0.0,15.631,18.6,1713063835723
0.0,0.0,15.631,18.6,1713063835726
0.0,0.0,15.579,18.6,1713063835820
0.0,0.0,15.579,18.6,1713063835822
0.0,0.0,15.61,18.6,1713063835917
0.0,0.0,15.61,18.6,1713063835919
0.0,0.0,15.641,18.6,1713063836011
0.0,0.0,15.641,18.6,1713063836017
0.0,0.0,15.777,18.6,1713063836121
0.0,0.0,15.777,18.6,1713063836124
0.0,0.0,15.756,18.6,1713063836206
0.0,0.0,15.756,18.6,1713063836209
0.0,0.0,15.724,18.6,1713063836305
0.0,0.0,15.724,18.6,1713063836307
0.0,0.0,15.756,18.6,1713063836403
0.0,0.0,15.756,18.6,1713063836406
0.0,0.0,15.797,18.6,1713063836496
0.0,0.0,15.797,18.6,1713063836497
0.0,0.0,15.735,18.6,1713063836597
0.0,0.0,15.735,18.6,1713063836599
0.0,0.0,15.714,18.6,1713063836709
0.0,0.0,15.714,18.6,1713063836712
0.0,0.0,15.766,18.6,1713063836790
0.0,0.0,15.766,18.6,1713063836798
0.0,0.0,15.829,18.6,1713063836894
0.0,0.0,15.829,18.6,1713063836897
0.0,0.0,15.693,18.6,1713063836988
0.0,0.0,15.693,18.6,1713063836989
0.0,0.0,15.672,18.6,1713063837079
0.0,0.0,15.672,18.6,1713063837081
0.0,0.0,15.652,18.6,1713063837177
0.0,0.0,15.652,18.6,1713063837180
0.0,0.0,15.641,18.6,1713063837273
0.0,0.0,15.641,18.6,1713063837275
0.0,0.0,15.652,18.6,1713063837372
0.0,0.0,15.652,18.6,1713063837375
0.0,0.0,15.777,18.6,1713063837469
0.0,0.0,15.777,18.6,1713063837471
0.0,0.0,15.797,18.6,1713063837602
0.0,0.0,15.797,18.6,1713063837603
0.0,0.0,15.808,18.6,1713063837670
0.0,0.0,15.808,18.6,1713063837672
0.0,0.0,15.881,18.6,1713063837770
0.0,0.0,15.881,18.6,1713063837772
0.0,0.0,15.985,18.6,1713063837862
0.0,0.0,15.985,18.6,1713063837863
0.0,0.0,16.016,18.6,1713063837960
0.0,0.0,16.016,18.6,1713063837963
0.0,0.0,16.026,18.6,1713063838058
0.0,0.0,16.026,18.6,1713063838060
0.0,0.0,16.047,18.6,1713063838159
0.0,0.0,16.047,18.6,1713063838175
0.0,0.0,16.078,18.6,1713063838257
0.0,0.0,16.078,18.6,1713063838259
0.0,0.0,16.047,18.6,1713063838353
0.0,0.0,16.047,18.6,1713063838355
0.0,0.0,16.047,18.6,1713063838454
0.0,0.0,16.047,18.6,1713063838456
0.0,0.0,16.058,18.6,1713063838551
0.0,0.0,16.058,18.6,1713063838552
0.0,0.0,16.005,18.6,1713063838656
0.0,0.0,16.005,18.6,1713063838660
0.0,0.0,16.026,18.6,1713063838752
0.0,0.0,16.026,18.6,1713063838754
0.0,0.0,16.026,18.6,1713063838849
0.0,0.0,16.026,18.6,1713063838851
0.0,0.0,16.047,18.6,1713063838947
0.0,0.0,16.047,18.6,1713063838950
0.0,0.0,15.995,18.6,1713063839064
0.0,0.0,15.995,18.6,1713063839066
0.0,0.0,15.922,18.6,1713063839143
0.0,0.0,15.922,18.6,1713063839144
0.0,0.0,15.849,18.6,1713063839241
0.0,0.0,15.849,18.6,1713063839244
0.0,0.0,15.839,18.6,1713063839345
0.0,0.0,15.839,18.6,1713063839346
0.0,0.0,15.87,18.6,1713063839441
0.0,0.0,15.87,18.6,1713063839443
0.0,0.0,15.912,18.6,1713063839532
0.0,0.0,15.912,18.6,1713063839533
0.0,0.0,15.912,18.6,1713063839753
0.0,0.0,15.912,18.6,1713063839770
0.0,0.0,15.86,18.6,1713063839835
0.0,0.0,15.86,18.6,1713063839839
0.0,0.0,15.818,18.6,1713063839930
0.0,0.0,15.818,18.6,1713063839931
0.0,0.0,15.766,18.6,1713063840027
0.0,0.0,15.766,18.6,1713063840030
0.0,0.0,15.766,18.6,1713063840120
0.0,0.0,15.766,18.6,1713063840121
0.0,0.0,15.797,18.6,1713063840219
0.0,0.0,15.797,18.6,1713063840222
0.0,0.0,15.829,18.6,1713063840320
0.0,0.0,15.829,18.6,1713063840321
0.0,0.0,15.797,18.6,1713063840419
0.0,0.0,15.797,18.6,1713063840422
0.0,0.0,15.787,18.6,1713063840514
0.0,0.0,15.787,18.6,1713063840516
0.0,0.0,15.808,18.6,1713063840607
0.0,0.0,15.808,18.6,1713063840609
0.0,0.0,15.766,18.6,1713063840711
0.0,0.0,15.766,18.6,1713063840713
0.0,0.0,15.662,18.6,1713063840817
0.0,0.0,15.662,18.6,1713063840821
0.0,0.0,15.704,18.6,1713063840911
0.0,0.0,15.704,18.6,1713063840913
0.0,0.0,15.724,18.6,1713063841004
0.0,0.0,15.724,18.6,1713063841006
0.0,0.0,15.714,18.6,1713063841103
0.0,0.0,15.714,18.6,1713063841104
0.0,0.0,15.724,18.6,1713063841196
0.0,0.0,15.724,18.6,1713063841202
0.0,0.0,15.662,18.6,1713063841299
0.0,0.0,15.662,18.6,1713063841300
0.0,0.0,15.652,18.6,1713063841393
0.0,0.0,15.652,18.6,1713063841396
0.0,0.0,15.62,18.6,1713063841488
0.0,0.0,15.62,18.6,1713063841491
0.0,0.0,15.558,18.6,1713063841588
0.0,0.0,15.558,18.6,1713063841590
0.0,0.0,15.496,18.6,1713063841686
0.0,0.0,15.496,18.6,1713063841689
0.0,0.0,15.433,18.6,1713063841787
0.0,0.0,15.433,18.6,1713063841789
0.0,0.0,15.381,18.6,1713063841878
0.0,0.0,15.381,18.6,1713063841880
0.0,0.0,15.454,18.6,1713063841971
0.0,0.0,15.454,18.6,1713063841974
0.0,0.0,15.423,18.6,1713063842074
0.0,0.0,15.423,18.6,1713063842076
0.0,0.0,15.35,18.6,1713063842160
0.0,0.0,15.35,18.6,1713063842161
0.0,0.0,15.329,18.6,1713063842259
0.0,0.0,15.329,18.6,1713063842260
0.0,0.0,15.402,18.6,1713063842357
0.0,0.0,15.402,18.6,1713063842360
0.0,0.0,15.454,18.6,1713063842451
0.0,0.0,15.454,18.6,1713063842452
0.0,0.0,15.402,18.6,1713063842550
0.0,0.0,15.402,18.6,1713063842554
0.0,0.0,15.329,18.6,1713063842644
0.0,0.0,15.329,18.6,1713063842664
0.0,0.0,15.391,18.6,1713063842746
0.0,0.0,15.391,18.6,1713063842748
0.0,0.0,15.402,18.6,1713063842840
0.0,0.0,15.402,18.6,1713063842843
0.0,0.0,15.506,18.6,1713063842934
0.0,0.0,15.506,18.6,1713063842937
0.0,0.0,15.62,18.6,1713063843032
0.0,0.0,15.62,18.6,1713063843033
0.0,0.0,15.62,18.6,1713063843128
0.0,0.0,15.62,18.6,1713063843129
0.0,0.0,15.6,18.6,1713063843223
0.0,0.0,15.6,18.6,1713063843225
0.0,0.0,15.548,18.6,1713063843319
0.0,0.0,15.548,18.6,1713063843320
0.0,0.0,15.516,18.6,1713063843422
0.0,0.0,15.516,18.6,1713063843424
0.0,0.0,15.516,18.6,1713063843513
0.0,0.0,15.516,18.6,1713063843515
0.0,0.0,15.548,18.6,1713063843614
0.0,0.0,15.548,18.6,1713063843616
0.0,0.0,15.548,18.6,1713063843711
0.0,0.0,15.548,18.6,1713063843713
0.0,0.0,15.662,18.6,1713063843805
0.0,0.0,15.662,18.6,1713063843807
0.0,0.0,15.704,18.6,1713063843900
0.0,0.0,15.704,18.6,1713063843901
0.0,0.0,15.724,18.6,1713063844001
0.0,0.0,15.724,18.6,1713063844002
0.0,0.0,15.704,18.6,1713063844101
0.0,0.0,15.704,18.6,1713063844105
0.0,0.0,15.672,18.6,1713063844197
0.0,0.0,15.672,18.6,1713063844199
0.0,0.0,15.766,18.6,1713063844298
0.0,0.0,15.766,18.6,1713063844300
0.0,0.0,15.849,18.6,1713063844396
0.0,0.0,15.849,18.6,1713063844400
0.0,0.0,15.881,18.6,1713063844503
0.0,0.0,15.881,18.6,1713063844505
0.0,0.0,15.87,18.6,1713063844592
0.0,0.0,15.87,18.6,1713063844594
0.0,0.0,15.87,18.6,1713063844686
0.0,0.0,15.87,18.6,1713063844688
0.0,0.0,15.797,18.6,1713063844788
0.0,0.0,15.797,18.6,1713063844791
0.0,0.0,15.797,18.6,1713063844879
0.0,0.0,15.797,18.6,1713063844881
0.0,0.0,15.766,18.6,1713063844978
0.0,0.0,15.766,18.6,1713063844981
0.0,0.0,15.756,18.6,1713063845071
0.0,0.0,15.756,18.6,1713063845072
0.0,0.0,15.714,18.6,1713063845171
0.0,0.0,15.714,18.6,1713063845173
0.0,0.0,15.704,18.6,1713063845267
0.0,0.0,15.704,18.6,1713063845269
0.0,0.0,15.714,18.6,1713063845369
0.0,0.0,15.714,18.6,1713063845371
0.0,0.0,15.631,18.6,1713063845483
0.0,0.0,15.631,18.6,1713063845497
0.0,0.0,15.579,18.6,1713063845564
0.0,0.0,15.579,18.6,1713063845565
0.0,0.0,15.589,18.6,1713063845663
0.0,0.0,15.589,18.6,1713063845668
0.0,0.0,15.61,18.6,1713063845760
0.0,0.0,15.61,18.6,1713063845761
0.0,0.0,15.714,18.6,1713063845858
0.0,0.0,15.714,18.6,1713063845861
0.0,0.0,15.818,18.6,1713063845958
0.0,0.0,15.818,18.6,1713063845961
0.0,0.0,15.86,18.6,1713063846051
0.0,0.0,15.86,18.6,1713063846053
0.0,0.0,15.891,18.6,1713063846153
0.0,0.0,15.891,18.6,1713063846157
0.0,0.0,15.839,18.6,1713063846254
0.0,0.0,15.839,18.6,1713063846255
0.0,0.0,15.766,18.6,1713063846348
0.0,0.0,15.766,18.6,1713063846350
0.0,0.0,15.797,18.6,1713063846442
0.0,0.0,15.797,18.6,1713063846443
0.0,0.0,15.849,18.6,1713063846544
0.0,0.0,15.849,18.6,1713063846545
0.0,0.0,15.881,18.6,1713063846642
0.0,0.0,15.881,18.6,1713063846644
0.0,0.0,15.891,18.6,1713063846746
0.0,0.0,15.891,18.6,1713063846749
0.0,0.0,15.891,18.6,1713063846843
0.0,0.0,15.891,18.6,1713063846846
0.0,0.0,15.933,18.6,1713063846940
0.0,0.0,15.933,18.6,1713063846943
0.0,0.0,15.829,18.6,1713063847056
0.0,0.0,15.829,18.6,1713063847059
0.0,0.0,15.714,18.6,1713063847128
0.0,0.0,15.714,18.6,1713063847129
0.0,0.0,15.693,18.6,1713063847228
0.0,0.0,15.693,18.6,1713063847230
0.0,0.0,15.683,18.6,1713063847332
0.0,0.0,15.683,18.6,1713063847333
0.0,0.0,15.724,18.6,1713063847424
0.0,0.0,15.724,18.6,1713063847427
0.0,0.0,15.787,18.6,1713063847524
0.0,0.0,15.787,18.6,1713063847526
0.0,0.0,15.756,18.6,1713063847737
0.0,0.0,15.756,18.6,1713063847740
0.0,0.0,15.756,18.6,1713063847824
0.0,0.0,15.756,18.6,1713063847826
0.0,0.0,15.704,18.6,1713063847918
0.0,0.0,15.704,18.6,1713063847921
0.0,0.0,15.777,18.6,1713063848014
0.0,0.0,15.777,18.6,1713063848016
0.0,0.0,15.829,18.6,1713063848118
0.0,0.0,15.829,18.6,1713063848119
0.0,0.0,15.745,18.6,1713063848215
0.0,0.0,15.745,18.6,1713063848219
0.0,0.0,15.808,18.6,1713063848311
0.0,0.0,15.808,18.6,1713063848314
0.0,0.0,15.901,18.6,1713063848407
0.0,0.0,15.901,18.6,1713063848409
0.0,0.0,15.953,18.6,1713063848501
0.0,0.0,15.953,18.6,1713063848504
0.0,0.0,16.037,18.6,1713063848601
0.0,0.0,16.037,18.6,1713063848602
0.0,0.0,15.933,18.6,1713063848697
0.0,0.0,15.933,18.6,1713063848699
0.0,0.0,15.87,18.6,1713063848799
0.0,0.0,15.87,18.6,1713063848801
0.0,0.0,15.849,18.6,1713063848897
0.0,0.0,15.849,18.6,1713063848901
0.0,0.0,15.881,18.6,1713063848993
0.0,0.0,15.881,18.6,1713063848995
0.0,0.0,15.87,18.6,1713063849091
0.0,0.0,15.87,18.6,1713063849092
0.0,0.0,15.849,18.6,1713063849188
0.0,0.0,15.849,18.6,1713063849190
0.0,0.0,15.829,18.6,1713063849292
0.0,0.0,15.829,18.6,1713063849294
0.0,0.0,15.849,18.6,1713063849390
0.0,0.0,15.849,18.6,1713063849392
0.0,0.0,15.756,18.6,1713063849485
0.0,0.0,15.756,18.6,1713063849487
0.0,0.0,15.777,18.6,1713063849579
0.0,0.0,15.777,18.6,1713063849580
0.0,0.0,15.808,18.6,1713063849672
0.0,0.0,15.808,18.6,1713063849674
0.0,0.0,15.777,18.6,1713063849893
0.0,0.0,15.777,18.6,1713063849894
0.0,0.0,15.829,18.6,1713063849967
0.0,0.0,15.829,18.6,1713063849970
0.0,0.0,15.839,18.6,1713063850065
0.0,0.0,15.839,18.6,1713063850068
0.0,0.0,15.797,18.6,1713063850166
0.0,0.0,15.797,18.6,1713063850168
0.0,0.0,15.777,18.6,1713063850266
0.0,0.0,15.777,18.6,1713063850269
0.0,0.0,15.797,18.6,1713063850360
0.0,0.0,15.797,18.6,1713063850364
0.0,0.0,15.829,18.6,1713063850459
0.0,0.0,15.829,18.6,1713063850460
0.0,0.0,15.818,18.6,1713063850572
0.0,0.0,15.818,18.6,1713063850579
0.0,0.0,15.818,18.6,1713063850657
0.0,0.0,15.818,18.6,1713063850659
0.0,0.0,15.912,18.6,1713063850754
0.0,0.0,15.912,18.6,1713063850758
0.0,0.0,15.953,18.6,1713063850854
0.0,0.0,15.953,18.6,1713063850856
0.0,0.0,15.964,18.6,1713063850948
0.0,0.0,15.964,18.6,1713063850950
0.0,0.0,16.089,18.6,1713063851044
0.0,0.0,16.089,18.6,1713063851046
0.0,0.0,16.11,18.6,1713063851143
0.0,0.0,16.11,18.6,1713063851146
0.0,0.0,16.141,18.6,1713063851248
0.0,0.0,16.141,18.6,1713063851249
0.0,0.0,16.11,18.6,1713063851345
0.0,0.0,16.11,18.6,1713063851347
0.0,0.0,16.193,18.6,1713063851441
0.0,0.0,16.193,18.6,1713063851443
0.0,0.0,16.193,18.6,1713063851548
0.0,0.0,16.193,18.6,1713063851556
0.0,0.0,16.078,18.6,1713063851639
0.0,0.0,16.078,18.6,1713063851640
0.0,0.0,16.026,18.6,1713063851738
0.0,0.0,16.026,18.6,1713063851742
0.0,0.0,16.037,18.6,1713063851842
0.0,0.0,16.037,18.6,1713063851844
0.0,0.0,16.068,18.6,1713063851937
0.0,0.0,16.068,18.6,1713063851939
0.0,0.0,16.058,18.6,1713063852040
0.0,0.0,16.058,18.6,1713063852041
0.0,0.0,16.037,18.6,1713063852133
0.0,0.0,16.037,18.6,1713063852138
0.0,0.0,15.922,18.6,1713063852254
0.0,0.0,15.922,18.6,1713063852255
0.0,0.0,15.964,18.6,1713063852335
0.0,0.0,15.964,18.6,1713063852339
0.0,0.0,15.891,18.6,1713063852431
0.0,0.0,15.891,18.6,1713063852433
0.0,0.0,15.86,18.6,1713063852532
0.0,0.0,15.86,18.6,1713063852535
0.0,0.0,15.839,18.6,1713063852628
0.0,0.0,15.839,18.6,1713063852630
0.0,0.0,15.849,18.6,1713063852721
0.0,0.0,15.849,18.6,1713063852722
0.0,0.0,15.891,18.6,1713063852827
0.0,0.0,15.891,18.6,1713063852831
0.0,0.0,15.891,18.6,1713063852920
0.0,0.0,15.891,18.6,1713063852922
0.0,0.0,15.849,18.6,1713063853017
0.0,0.0,15.849,18.6,1713063853023
0.0,0.0,15.787,18.6,1713063853118
0.0,0.0,15.787,18.6,1713063853121
0.0,0.0,15.756,18.6,1713063853228
0.0,0.0,15.756,18.6,1713063853229
0.0,0.0,15.787,18.6,1713063853309
0.0,0.0,15.787,18.6,1713063853310
0.0,0.0,15.829,18.6,1713063853412
0.0,0.0,15.829,18.6,1713063853414
0.0,0.0,15.891,18.6,1713063853507
0.0,0.0,15.891,18.6,1713063853509
0.0,0.0,15.912,18.6,1713063853604
0.0,0.0,15.912,18.6,1713063853606
0.0,0.0,15.891,18.6,1713063853708
0.0,0.0,15.891,18.6,1713063853711
0.0,0.0,15.787,18.6,1713063853804
0.0,0.0,15.787,18.6,1713063853805
0.0,0.0,15.714,18.6,1713063853899
0.0,0.0,15.714,18.6,1713063853900
0.0,0.0,15.672,18.6,1713063854000
0.0,0.0,15.672,18.6,1713063854003
0.0,0.0,15.662,18.6,1713063854096
0.0,0.0,15.662,18.6,1713063854098
0.0,0.0,15.652,18.6,1713063854216
0.0,0.0,15.652,18.6,1713063854218
0.0,0.0,15.61,18.6,1713063854296
0.0,0.0,15.61,18.6,1713063854298
0.0,0.0,15.6,18.6,1713063854387
0.0,0.0,15.6,18.6,1713063854402
0.0,0.0,15.6,18.6,1713063854485
0.0,0.0,15.6,18.6,1713063854487
0.0,0.0,15.506,18.6,1713063854586
0.0,0.0,15.506,18.6,1713063854590
0.0,0.0,15.506,18.6,1713063854680
0.0,0.0,15.506,18.6,1713063854683
0.0,0.0,15.568,18.6,1713063854775
0.0,0.0,15.568,18.6,1713063854776
0.0,0.0,15.516,18.6,1713063854868
0.0,0.0,15.516,18.6,1713063854869
0.0,0.0,15.454,18.6,1713063855084
0.0,0.0,15.454,18.6,1713063855087
0.0,0.0,15.496,18.6,1713063855160
0.0,0.0,15.496,18.6,1713063855164
0.0,0.0,15.496,18.6,1713063855257
0.0,0.0,15.496,18.6,1713063855261
0.0,0.0,15.516,18.6,1713063855356
0.0,0.0,15.516,18.6,1713063855358
0.0,0.0,15.475,18.6,1713063855446
0.0,0.0,15.475,18.6,1713063855447
0.0,0.0,15.464,18.6,1713063855551
0.0,0.0,15.464,18.6,1713063855554
0.0,0.0,15.475,18.6,1713063855642
0.0,0.0,15.475,18.6,1713063855645
0.0,0.0,15.475,18.6,1713063855762
0.0,0.0,15.475,18.6,1713063855764
0.0,0.0,15.475,18.6,1713063855840
0.0,0.0,15.475,18.6,1713063855841
0.0,0.0,15.444,18.6,1713063855955
0.0,0.0,15.444,18.6,1713063855968
0.0,0.0,15.412,18.6,1713063856054
0.0,0.0,15.412,18.6,1713063856055
0.0,0.0,15.454,18.6,1713063856173
0.0,0.0,15.454,18.6,1713063856175
0.0,0.0,15.485,18.6,1713063856260
0.0,0.0,15.485,18.6,1713063856263
0.0,0.0,15.464,18.6,1713063856357
0.0,0.0,15.464,18.6,1713063856358
0.0,0.0,15.433,18.6,1713063856462
0.0,0.0,15.433,18.6,1713063856463
0.0,0.0,15.329,18.6,1713063856517
0.0,0.0,15.329,18.6,1713063856519
0.0,0.0,15.371,18.6,1713063856612
0.0,0.0,15.371,18.6,1713063856614
0.0,0.0,15.339,18.6,1713063856709
0.0,0.0,15.339,18.6,1713063856711
0.0,0.0,15.277,18.6,1713063856804
0.0,0.0,15.277,18.6,1713063856806
0.0,0.0,15.308,18.6,1713063856900
0.0,0.0,15.308,18.6,1713063856902
0.0,0.0,15.298,18.6,1713063856993
0.0,0.0,15.298,18.6,1713063856995
0.0,0.0,15.36,18.6,1713063857091
0.0,0.0,15.36,18.6,1713063857093
0.0,0.0,15.298,18.6,1713063857209
0.0,0.0,15.298,18.6,1713063857211
0.0,0.0,15.256,18.6,1713063857331
0.0,0.0,15.256,18.6,1713063857334
0.0,0.0,15.235,18.6,1713063857378
0.0,0.0,15.235,18.6,1713063857390
0.0,0.0,15.319,18.6,1713063857472
0.0,0.0,15.319,18.6,1713063857474
0.0,0.0,15.391,18.6,1713063857566
0.0,0.0,15.391,18.6,1713063857569
0.0,0.0,15.454,18.6,1713063857663
0.0,0.0,15.454,18.6,1713063857664
0.0,0.0,15.423,18.6,1713063857759
0.0,0.0,15.423,18.6,1713063857762
0.0,0.0,15.35,18.6,1713063857858
0.0,0.0,15.35,18.6,1713063857860
0.0,0.0,15.308,18.6,1713063857982
0.0,0.0,15.308,18.6,1713063857984
0.0,0.0,15.35,18.6,1713063858061
0.0,0.0,15.35,18.6,1713063858064
0.0,0.0,15.412,18.6,1713063858143
0.0,0.0,15.412,18.6,1713063858145
0.0,0.0,15.36,18.6,1713063858243
0.0,0.0,15.36,18.6,1713063858245
0.0,0.0,15.402,18.6,1713063858338
0.0,0.0,15.402,18.6,1713063858340
0.0,0.0,15.412,18.6,1713063858431
0.0,0.0,15.412,18.6,1713063858432
0.0,0.0,15.464,18.6,1713063858528
0.0,0.0,15.464,18.6,1713063858531
0.0,0.0,15.391,18.6,1713063858627
0.0,0.0,15.391,18.6,1713063858628
0.0,0.0,15.36,18.6,1713063858733
0.0,0.0,15.36,18.6,1713063858736
0.0,0.0,15.36,18.6,1713063858822
0.0,0.0,15.36,18.6,1713063858824
0.0,0.0,15.402,18.6,1713063858920
0.0,0.0,15.402,18.6,1713063858924
0.0,0.0,15.381,18.6,1713063859013
0.0,0.0,15.381,18.6,1713063859015
0.0,0.0,15.381,18.6,1713063859112
0.0,0.0,15.381,18.6,1713063859114
0.0,0.0,15.402,18.6,1713063859205
0.0,0.0,15.402,18.6,1713063859207
0.0,0.0,15.402,18.6,1713063859306
0.0,0.0,15.402,18.6,1713063859308
0.0,0.0,15.381,18.6,1713063859432
0.0,0.0,15.381,18.6,1713063859435
0.0,0.0,15.444,18.6,1713063859510
0.0,0.0,15.444,18.6,1713063859511
0.0,0.0,15.433,18.6,1713063859591
0.0,0.0,15.433,18.6,1713063859593
0.0,0.0,15.412,18.6,1713063859696
0.0,0.0,15.412,18.6,1713063859701
0.0,0.0,15.454,18.6,1713063859787
0.0,0.0,15.454,18.6,1713063859789
0.0,0.0,15.464,18.6,1713063859883
0.0,0.0,15.464,18.6,1713063859886
0.0,0.0,15.485,18.6,1713063859983
0.0,0.0,15.485,18.6,1713063859985
0.0,0.0,15.537,18.6,1713063860077
0.0,0.0,15.537,18.6,1713063860080
0.0,0.0,15.579,18.6,1713063860276
0.0,0.0,15.579,18.6,1713063860280
0.0,0.0,15.662,18.6,1713063860365
0.0,0.0,15.662,18.6,1713063860383
0.0,0.0,15.735,18.6,1713063860463
0.0,0.0,15.735,18.6,1713063860464
0.0,0.0,15.641,18.6,1713063860558
0.0,0.0,15.641,18.6,1713063860559
0.0,0.0,15.548,18.6,1713063860656
0.0,0.0,15.548,18.6,1713063860658
0.0,0.0,15.485,18.6,1713063860756
0.0,0.0,15.485,18.6,1713063860759
0.0,0.0,15.464,18.6,1713063860872
0.0,0.0,15.464,18.6,1713063860875
0.0,0.0,15.475,18.6,1713063860957
0.0,0.0,15.475,18.6,1713063860960
0.0,0.0,15.516,18.6,1713063861048
0.0,0.0,15.516,18.6,1713063861049
0.0,0.0,15.537,18.6,1713063861143
0.0,0.0,15.537,18.6,1713063861144
0.0,0.0,15.579,18.6,1713063861238
0.0,0.0,15.579,18.6,1713063861241
0.0,0.0,15.537,18.6,1713063861343
0.0,0.0,15.537,18.6,1713063861345
0.0,0.0,15.516,18.6,1713063861438
0.0,0.0,15.516,18.6,1713063861441
0.0,0.0,15.475,18.6,1713063861534
0.0,0.0,15.475,18.6,1713063861535
0.0,0.0,15.506,18.6,1713063861628
0.0,0.0,15.506,18.6,1713063861630
0.0,0.0,15.558,18.6,1713063861731
0.0,0.0,15.558,18.6,1713063861734
0.0,0.0,15.579,18.6,1713063861828
0.0,0.0,15.579,18.6,1713063861834
0.0,0.0,15.662,18.6,1713063861926
0.0,0.0,15.662,18.6,1713063861928
0.0,0.0,15.652,18.6,1713063862016
0.0,0.0,15.652,18.6,1713063862019
0.0,0.0,15.631,18.6,1713063862112
0.0,0.0,15.631,18.6,1713063862113
0.0,0.0,15.631,18.6,1713063862212
0.0,0.0,15.631,18.6,1713063862215
0.0,0.0,15.641,18.6,1713063862307
0.0,0.0,15.641,18.6,1713063862310
0.0,0.0,15.61,18.6,1713063862429
0.0,0.0,15.61,18.6,1713063862431
0.0,0.0,15.662,18.6,1713063862500
35.158836364746094,139.60000610351562,15.662,18.6,1713063862500
0.0,0.0,15.662,18.6,1713063862502
0.0,0.0,15.735,18.6,1713063862599
0.0,0.0,15.735,18.6,1713063862602
0.0,0.0,15.787,18.6,1713063862701
0.0,0.0,15.787,18.6,1713063862702
0.0,0.0,15.797,18.6,1713063862795
0.0,0.0,15.797,18.6,1713063862796
0.0,0.0,15.86,18.6,1713063862902
0.0,0.0,15.86,18.6,1713063862903
0.0,0.0,15.86,18.6,1713063863002
0.0,0.0,15.86,18.6,1713063863006
0.0,0.0,15.839,18.6,1713063863089
0.0,0.0,15.839,18.6,1713063863092
0.0,0.0,15.777,18.6,1713063863188
0.0,0.0,15.777,18.6,1713063863190
0.0,0.0,15.672,18.6,1713063863283
0.0,0.0,15.672,18.6,1713063863287
0.0,0.0,15.579,18.6,1713063863384
0.0,0.0,15.579,18.6,1713063863386
0.0,0.0,15.579,18.6,1713063863481
0.0,0.0,15.579,18.6,1713063863484
0.0,0.0,15.568,18.6,1713063863574
0.0,0.0,15.568,18.6,1713063863578
0.0,0.0,15.516,18.6,1713063863669
0.0,0.0,15.516,18.6,1713063863670
0.0,0.0,15.506,18.6,1713063863769
0.0,0.0,15.506,18.6,1713063863771
0.0,0.0,15.444,18.6,1713063863868
0.0,0.0,15.444,18.6,1713063863874
0.0,0.0,15.464,18.6,1713063863963
0.0,0.0,15.464,18.6,1713063863964
0.0,0.0,15.485,18.6,1713063864063
0.0,0.0,15.485,18.6,1713063864068
0.0,0.0,15.496,18.6,1713063864158
0.0,0.0,15.496,18.6,1713063864160
0.0,0.0,15.506,18.6,1713063864257
0.0,0.0,15.506,18.6,1713063864258
0.0,0.0,15.527,18.6,1713063864351
0.0,0.0,15.527,18.6,1713063864354
0.0,0.0,15.62,18.6,1713063864446
0.0,0.0,15.62,18.6,1713063864447
0.0,0.0,15.714,18.6,1713063864544
0.0,0.0,15.714,18.6,1713063864548
0.0,0.0,15.672,18.6,1713063864642
0.0,0.0,15.672,18.6,1713063864644
0.0,0.0,15.6,18.6,1713063864743
0.0,0.0,15.6,18.6,1713063864745
0.0,0.0,15.568,18.6,1713063864839
0.0,0.0,15.568,18.6,1713063864842
0.0,0.0,15.62,18.6,1713063864931
0.0,0.0,15.62,18.6,1713063864933
0.0,0.0,15.641,18.6,1713063865027
0.0,0.0,15.641,18.6,1713063865029
0.0,0.0,15.558,18.6,1713063865130
0.0,0.0,15.558,18.6,1713063865132
0.0,0.0,15.506,18.6,1713063865222
0.0,0.0,15.506,18.6,1713063865224
0.0,0.0,15.454,18.6,1713063865330
0.0,0.0,15.454,18.6,1713063865332
0.0,0.0,15.485,18.6,1713063865414
0.0,0.0,15.485,18.6,1713063865416
0.0,0.0,15.485,18.6,1713063865509
0.0,0.0,15.485,18.6,1713063865511
0.0,0.0,15.475,18.6,1713063865607
0.0,0.0,15.475,18.6,1713063865609
0.0,0.0,15.371,18.6,1713063865701
0.0,0.0,15.371,18.6,1713063865703
0.0,0.0,15.339,18.6,1713063865796
0.0,0.0,15.339,18.6,1713063865798
0.0,0.0,15.371,18.6,1713063865894
0.0,0.0,15.371,18.6,1713063865895
0.0,0.0,15.391,18.6,1713063865996
0.0,0.0,15.391,18.6,1713063866009
0.0,0.0,15.412,18.6,1713063866095
0.0,0.0,15.412,18.6,1713063866097
0.0,0.0,15.35,18.6,1713063866190
0.0,0.0,15.35,18.6,1713063866191
0.0,0.0,15.391,18.6,1713063866286
0.0,0.0,15.391,18.6,1713063866287
0.0,0.0,15.475,18.6,1713063866386
0.0,0.0,15.475,18.6,1713063866389
0.0,0.0,15.548,18.6,1713063866481
0.0,0.0,15.548,18.6,1713063866483
0.0,0.0,15.496,18.6,1713063866577
0.0,0.0,15.496,18.6,1713063866578
0.0,0.0,15.454,18.6,1713063866671
0.0,0.0,15.454,18.6,1713063866674
0.0,0.0,15.506,18.6,1713063866766
0.0,0.0,15.506,18.6,1713063866767
0.0,0.0,15.61,18.6,1713063866878
0.0,0.0,15.61,18.6,1713063866880
0.0,0.0,15.652,18.6,1713063866962
0.0,0.0,15.652,18.6,1713063866964
0.0,0.0,15.672,18.6,1713063867059
0.0,0.0,15.672,18.6,1713063867061
0.0,0.0,15.631,18.6,1713063867157
0.0,0.0,15.631,18.6,1713063867160
0.0,0.0,15.61,18.6,1713063867255
0.0,0.0,15.61,18.6,1713063867257
0.0,0.0,15.62,18.6,1713063867380
0.0,0.0,15.62,18.6,1713063867383
0.0,0.0,15.631,18.6,1713063867462
0.0,0.0,15.631,18.6,1713063867463
0.0,0.0,15.6,18.6,1713063867544
0.0,0.0,15.6,18.6,1713063867545
0.0,0.0,15.548,18.6,1713063867639
0.0,0.0,15.548,18.6,1713063867642
0.0,0.0,15.631,18.6,1713063867741
0.0,0.0,15.631,18.6,1713063867744
0.0,0.0,15.724,18.6,1713063867836
0.0,0.0,15.724,18.6,1713063867838
0.0,0.0,15.797,18.6,1713063867929
0.0,0.0,15.797,18.6,1713063867934
0.0,0.0,15.683,18.6,1713063868034
0.0,0.0,15.683,18.6,1713063868036
0.0,0.0,15.631,18.6,1713063868146
0.0,0.0,15.631,18.6,1713063868148
0.0,0.0,15.724,18.6,1713063868228
0.0,0.0,15.724,18.6,1713063868231
0.0,0.0,15.808,18.6,1713063868326
0.0,0.0,15.808,18.6,1713063868329
0.0,0.0,15.86,18.6,1713063868424
0.0,0.0,15.86,18.6,1713063868426
0.0,0.0,15.849,18.6,1713063868523
0.0,0.0,15.849,18.6,1713063868526
0.0,0.0,15.797,18.6,1713063868620
0.0,0.0,15.797,18.6,1713063868621
0.0,0.0,15.787,18.6,1713063868718
0.0,0.0,15.787,18.6,1713063868720
0.0,0.0,15.797,18.6,1713063868815
0.0,0.0,15.797,18.6,1713063868831
0.0,0.0,15.829,18.6,1713063868913
0.0,0.0,15.829,18.6,1713063868914
0.0,0.0,15.756,18.6,1713063869009
0.0,0.0,15.756,18.6,1713063869012
0.0,0.0,15.745,18.6,1713063869103
0.0,0.0,15.745,18.6,1713063869106
0.0,0.0,15.787,18.6,1713063869205
0.0,0.0,15.787,18.6,1713063869209
0.0,0.0,15.86,18.6,1713063869310
0.0,0.0,15.86,18.6,1713063869313
0.0,0.0,15.829,18.6,1713063869401
0.0,0.0,15.829,18.6,1713063869403
0.0,0.0,15.87,18.6,1713063869502
0.0,0.0,15.87,18.6,1713063869506
0.0,0.0,15.891,18.6,1713063869596
0.0,0.0,15.891,18.6,1713063869599
0.0,0.0,15.922,18.6,1713063869698
0.0,0.0,15.922,18.6,1713063869701
0.0,0.0,15.881,18.6,1713063869794
0.0,0.0,15.881,18.6,1713063869798
0.0,0.0,15.818,18.6,1713063869891
0.0,0.0,15.818,18.6,1713063869892
0.0,0.0,15.808,18.6,1713063869991
0.0,0.0,15.808,18.6,1713063869993
0.0,0.0,15.777,18.6,1713063870088
0.0,0.0,15.777,18.6,1713063870091
0.0,0.0,15.808,18.6,1713063870187
0.0,0.0,15.808,18.6,1713063870190
0.0,0.0,15.777,18.6,1713063870283
0.0,0.0,15.777,18.6,1713063870287
0.0,0.0,15.787,18.6,1713063870382
0.0,0.0,15.787,18.6,1713063870385
0.0,0.0,15.787,18.6,1713063870477
0.0,0.0,15.787,18.6,1713063870480
0.0,0.0,15.818,18.6,1713063870580
0.0,0.0,15.818,18.6,1713063870583
0.0,0.0,15.745,18.6,1713063870682
0.0,0.0,15.745,18.6,1713063870687
0.0,0.0,15.724,18.6,1713063870784
0.0,0.0,15.724,18.6,1713063870787
0.0,0.0,15.693,18.6,1713063870874
0.0,0.0,15.693,18.6,1713063870876
0.0,0.0,15.724,18.6,1713063870984
0.0,0.0,15.724,18.6,1713063870985
0.0,0.0,15.777,18.6,1713063871085
0.0,0.0,15.777,18.6,1713063871087
0.0,0.0,15.839,18.6,1713063871165
0.0,0.0,15.839,18.6,1713063871166
0.0,0.0,15.829,18.6,1713063871261
0.0,0.0,15.829,18.6,1713063871263
0.0,0.0,15.777,18.6,1713063871361
0.0,0.0,15.777,18.6,1713063871364
0.0,0.0,15.787,18.6,1713063871457
0.0,0.0,15.787,18.6,1713063871459
0.0,0.0,15.766,18.6,1713063871555
0.0,0.0,15.766,18.6,1713063871556
0.0,0.0,15.808,18.6,1713063871653
0.0,0.0,15.808,18.6,1713063871670
0.0,0.0,15.787,18.6,1713063871754
0.0,0.0,15.787,18.6,1713063871755
0.0,0.0,15.87,18.6,1713063871880
0.0,0.0,15.87,18.6,1713063871883
0.0,0.0,15.901,18.6,1713063871951
0.0,0.0,15.901,18.6,1713063871953
0.0,0.0,15.933,18.6,1713063872049
0.0,0.0,15.933,18.6,1713063872052
0.0,0.0,15.964,18.6,1713063872148
0.0,0.0,15.964,18.6,1713063872151
0.0,0.0,15.953,18.6,1713063872243
0.0,0.0,15.953,18.6,1713063872248
0.0,0.0,15.943,18.6,1713063872342
0.0,0.0,15.943,18.6,1713063872343
0.0,0.0,15.974,18.6,1713063872445
0.0,0.0,15.974,18.6,1713063872448
0.0,0.0,16.058,18.6,1713063872545
0.0,0.0,16.058,18.6,1713063872546
0.0,0.0,15.943,18.6,1713063872639
0.0,0.0,15.943,18.6,1713063872645
0.0,0.0,15.87,18.6,1713063872732
0.0,0.0,15.87,18.6,1713063872735
0.0,0.0,15.829,18.6,1713063872829
0.0,0.0,15.829,18.6,1713063872831
0.0,0.0,15.881,18.6,1713063872931
0.0,0.0,15.881,18.6,1713063872932
0.0,0.0,15.881,18.6,1713063873028
0.0,0.0,15.881,18.6,1713063873029
0.0,0.0,15.777,18.6,1713063873124
0.0,0.0,15.777,18.6,1713063873129
0.0,0.0,15.829,18.6,1713063873226
0.0,0.0,15.829,18.6,1713063873227
0.0,0.0,15.797,18.6,1713063873348
0.0,0.0,15.797,18.6,1713063873349
0.0,0.0,15.849,18.6,1713063873420
0.0,0.0,15.849,18.6,1713063873422
0.0,0.0,15.891,18.6,1713063873516
0.0,0.0,15.891,18.6,1713063873518
0.0,0.0,15.881,18.6,1713063873613
0.0,0.0,15.881,18.6,1713063873617
0.0,0.0,15.829,18.6,1713063873717
0.0,0.0,15.829,18.6,1713063873721
0.0,0.0,15.881,18.6,1713063873813
0.0,0.0,15.881,18.6,1713063873817
0.0,0.0,15.943,18.6,1713063873905
0.0,0.0,15.943,18.6,1713063873906
0.0,0.0,15.912,18.6,1713063874024
0.0,0.0,15.912,18.6,1713063874027
0.0,0.0,15.86,18.6,1713063874105
0.0,0.0,15.86,18.6,1713063874107
0.0,0.0,15.87,18.6,1713063874204
0.0,0.0,15.87,18.6,1713063874208
0.0,0.0,15.922,18.6,1713063874297
0.0,0.0,15.922,18.6,1713063874299
0.0,0.0,15.912,18.6,1713063874399
0.0,0.0,15.912,18.6,1713063874404
0.0,0.0,15.912,18.6,1713063874492
0.0,0.0,15.912,18.6,1713063874505
0.0,0.0,15.87,18.6,1713063874593
0.0,0.0,15.87,18.6,1713063874595
0.0,0.0,15.818,18.6,1713063874711
0.0,0.0,15.818,18.6,1713063874712
0.0,0.0,15.808,18.6,1713063874794
0.0,0.0,15.808,18.6,1713063874796
0.0,0.0,15.818,18.6,1713063874884
0.0,0.0,15.818,18.6,1713063874885
0.0,0.0,15.86,18.6,1713063874985
0.0,0.0,15.86,18.6,1713063874987
0.0,0.0,15.881,18.6,1713063875080
0.0,0.0,15.881,18.6,1713063875083
0.0,0.0,15.901,18.6,1713063875182
0.0,0.0,15.901,18.6,1713063875184
0.0,0.0,15.912,18.6,1713063875281
0.0,0.0,15.912,18.6,1713063875283
0.0,0.0,15.964,18.6,1713063875380
0.0,0.0,15.964,18.6,1713063875383
0.0,0.0,15.912,18.6,1713063875492
0.0,0.0,15.912,18.6,1713063875493
0.0,0.0,15.995,18.6,1713063875577
0.0,0.0,15.995,18.6,1713063875580
0.0,0.0,15.995,18.6,1713063875677
0.0,0.0,15.995,18.6,1713063875679
0.0,0.0,15.974,18.6,1713063875773
0.0,0.0,15.974,18.6,1713063875775
0.0,0.0,15.943,18.6,1713063875872
0.0,0.0,15.943,18.6,1713063875875
0.0,0.0,15.933,18.6,1713063875968
0.0,0.0,15.933,18.6,1713063875972
0.0,0.0,15.922,18.6,1713063876068
0.0,0.0,15.922,18.6,1713063876071
0.0,0.0,15.912,18.6,1713063876164
0.0,0.0,15.912,18.6,1713063876171
0.0,0.0,15.922,18.6,1713063876258
0.0,0.0,15.922,18.6,1713063876260
0.0,0.0,15.87,18.6,1713063876362
0.0,0.0,15.87,18.6,1713063876365
0.0,0.0,15.86,18.6,1713063876466
0.0,0.0,15.86,18.6,1713063876468
0.0,0.0,15.901,18.6,1713063876557
0.0,0.0,15.901,18.6,1713063876561
0.0,0.0,15.891,18.6,1713063876652
0.0,0.0,15.891,18.6,1713063876655
0.0,0.0,15.766,18.6,1713063876752
0.0,0.0,15.766,18.6,1713063876753
0.0,0.0,15.724,18.6,1713063876858
0.0,0.0,15.724,18.6,1713063876859
0.0,0.0,15.724,18.6,1713063876945
0.0,0.0,15.724,18.6,1713063876947
0.0,0.0,15.714,18.6,1713063877043
0.0,0.0,15.714,18.6,1713063877045
0.0,0.0,15.714,18.6,1713063877143
0.0,0.0,15.714,18.6,1713063877145
0.0,0.0,15.693,18.6,1713063877239
0.0,0.0,15.693,18.6,1713063877241
0.0,0.0,15.714,18.6,1713063877335
0.0,0.0,15.714,18.6,1713063877344
0.0,0.0,15.714,18.6,1713063877433
0.0,0.0,15.714,18.6,1713063877435
0.0,0.0,15.704,18.6,1713063877534
0.0,0.0,15.704,18.6,1713063877536
0.0,0.0,15.714,18.6,1713063877633
0.0,0.0,15.714,18.6,1713063877635
0.0,0.0,15.735,18.6,1713063877732
0.0,0.0,15.735,18.6,1713063877734
0.0,0.0,15.756,18.6,1713063877835
0.0,0.0,15.756,18.6,1713063877837
0.0,0.0,15.881,18.6,1713063877926
0.0,0.0,15.881,18.6,1713063877930
0.0,0.0,15.943,18.6,1713063878026
0.0,0.0,15.943,18.6,1713063878027
0.0,0.0,15.912,18.6,1713063878125
0.0,0.0,15.912,18.6,1713063878129
0.0,0.0,15.849,18.6,1713063878222
0.0,0.0,15.849,18.6,1713063878224
0.0,0.0,15.86,18.6,1713063878318
0.0,0.0,15.86,18.6,1713063878319
0.0,0.0,15.787,18.6,1713063878416
0.0,0.0,15.787,18.6,1713063878418
0.0,0.0,15.745,18.6,1713063878514
0.0,0.0,15.745,18.6,1713063878516
0.0,0.0,15.693,18.6,1713063878613
0.0,0.0,15.693,18.6,1713063878615
0.0,0.0,15.6,18.6,1713063878716
0.0,0.0,15.6,18.6,1713063878718
0.0,0.0,15.62,18.6,1713063878809
0.0,0.0,15.62,18.6,1713063878812
0.0,0.0,15.714,18.6,1713063878907
0.0,0.0,15.714,18.6,1713063878909
0.0,0.0,15.756,18.6,1713063879002
0.0,0.0,15.756,18.6,1713063879004
0.0,0.0,15.724,18.6,1713063879097
0.0,0.0,15.724,18.6,1713063879100
0.0,0.0,15.693,18.6,1713063879198
0.0,0.0,15.693,18.6,1713063879202
0.0,0.0,15.641,18.6,1713063879295
0.0,0.0,15.641,18.6,1713063879299
0.0,0.0,15.683,18.6,1713063879390
0.0,0.0,15.683,18.6,1713063879392
0.0,0.0,15.693,18.6,1713063879492
35.158836364746094,139.6000213623047,15.693,18.6,1713063879492
0.0,0.0,15.693,18.6,1713063879497
0.0,0.0,15.787,18.6,1713063879596
0.0,0.0,15.787,18.6,1713063879597
0.0,0.0,15.766,18.6,1713063879692
0.0,0.0,15.766,18.6,1713063879695
0.0,0.0,15.766,18.6,1713063879786
0.0,0.0,15.766,18.6,1713063879787
0.0,0.0,15.766,18.6,1713063879882
0.0,0.0,15.766,18.6,1713063879884
0.0,0.0,15.704,18.6,1713063879977
0.0,0.0,15.704,18.6,1713063879980
0.0,0.0,15.704,18.6,1713063880079
0.0,0.0,15.704,18.6,1713063880081
0.0,0.0,15.766,18.6,1713063880171
0.0,0.0,15.766,18.6,1713063880186
0.0,0.0,15.777,18.6,1713063880273
0.0,0.0,15.777,18.6,1713063880275
0.0,0.0,15.766,18.6,1713063880367
0.0,0.0,15.766,18.6,1713063880368
0.0,0.0,15.724,18.6,1713063880469
0.0,0.0,15.724,18.6,1713063880471
0.0,0.0,15.714,18.6,1713063880562
0.0,0.0,15.714,18.6,1713063880564
0.0,0.0,15.766,18.6,1713063880665
0.0,0.0,15.766,18.6,1713063880667
0.0,0.0,15.745,18.6,1713063880761
0.0,0.0,15.745,18.6,1713063880762
0.0,0.0,15.766,18.6,1713063880857
0.0,0.0,15.766,18.6,1713063880859
0.0,0.0,15.756,18.6,1713063880958
0.0,0.0,15.756,18.6,1713063880959
0.0,0.0,15.787,18.6,1713063881053
0.0,0.0,15.787,18.6,1713063881057
0.0,0.0,15.849,18.6,1713063881152
0.0,0.0,15.849,18.6,1713063881154
0.0,0.0,15.86,18.6,1713063881250
0.0,0.0,15.86,18.6,1713063881253
0.0,0.0,15.881,18.6,1713063881345
0.0,0.0,15.881,18.6,1713063881346
0.0,0.0,15.912,18.6,1713063881444
0.0,0.0,15.912,18.6,1713063881446
0.0,0.0,15.912,18.6,1713063881540
0.0,0.0,15.912,18.6,1713063881543
0.0,0.0,15.922,18.6,1713063881640
0.0,0.0,15.922,18.6,1713063881644
0.0,0.0,15.881,18.6,1713063881742
0.0,0.0,15.881,18.6,1713063881743
0.0,0.0,15.922,18.6,1713063881834
0.0,0.0,15.922,18.6,1713063881836
0.0,0.0,15.953,18.6,1713063881937
0.0,0.0,15.953,18.6,1713063881939
0.0,0.0,15.933,18.6,1713063882054
0.0,0.0,15.933,18.6,1713063882057
0.0,0.0,15.87,18.6,1713063882132
0.0,0.0,15.87,18.6,1713063882134
0.0,0.0,15.849,18.6,1713063882232
0.0,0.0,15.849,18.6,1713063882234
0.0,0.0,15.829,18.6,1713063882329
0.0,0.0,15.829,18.6,1713063882333
0.0,0.0,15.829,18.6,1713063882424
0.0,0.0,15.829,18.6,1713063882426
0.0,0.0,15.881,18.6,1713063882520
0.0,0.0,15.881,18.6,1713063882523
0.0,0.0,15.87,18.6,1713063882619
0.0,0.0,15.87,18.6,1713063882620
0.0,0.0,15.87,18.6,1713063882716
0.0,0.0,15.87,18.6,1713063882718
0.0,0.0,15.829,18.6,1713063882818
0.0,0.0,15.829,18.6,1713063882821
0.0,0.0,15.839,18.6,1713063882915
0.0,0.0,15.839,18.6,1713063882916
0.0,0.0,15.87,18.6,1713063883012
0.0,0.0,15.87,18.6,1713063883025
0.0,0.0,15.881,18.6,1713063883107
0.0,0.0,15.881,18.6,1713063883108
0.0,0.0,15.808,18.6,1713063883209
0.0,0.0,15.808,18.6,1713063883211
0.0,0.0,15.818,18.6,1713063883307
0.0,0.0,15.818,18.6,1713063883309
0.0,0.0,15.797,18.6,1713063883404
0.0,0.0,15.797,18.6,1713063883406
0.0,0.0,15.839,18.6,1713063883531
0.0,0.0,15.839,18.6,1713063883532
0.0,0.0,15.933,18.6,1713063883602
0.0,0.0,15.933,18.6,1713063883604
0.0,0.0,15.953,18.6,1713063883701
0.0,0.0,15.953,18.6,1713063883703
0.0,0.0,15.922,18.6,1713063883793
0.0,0.0,15.922,18.6,1713063883796
0.0,0.0,15.87,18.6,1713063883891
0.0,0.0,15.87,18.6,1713063883892
0.0,0.0,15.901,18.6,1713063883993
0.0,0.0,15.901,18.6,1713063883994
0.0,0.0,15.912,18.6,1713063884089
0.0,0.0,15.912,18.6,1713063884091
0.0,0.0,15.901,18.6,1713063884197
0.0,0.0,15.901,18.6,1713063884199
0.0,0.0,15.943,18.6,1713063884283
0.0,0.0,15.943,18.6,1713063884284
0.0,0.0,15.943,18.6,1713063884379
0.0,0.0,15.943,18.6,1713063884380
0.0,0.0,15.953,18.6,1713063884477
0.0,0.0,15.953,18.6,1713063884479
0.0,0.0,15.933,18.6,1713063884577
0.0,0.0,15.933,18.6,1713063884579
0.0,0.0,15.901,18.6,1713063884673
0.0,0.0,15.901,18.6,1713063884675
0.0,0.0,15.839,18.6,1713063884776
0.0,0.0,15.839,18.6,1713063884779
0.0,0.0,15.797,18.6,1713063884873
0.0,0.0,15.797,18.6,1713063884875
0.0,0.0,15.787,18.6,1713063884971
0.0,0.0,15.787,18.6,1713063884973
0.0,0.0,15.704,18.6,1713063885065
0.0,0.0,15.704,18.6,1713063885069
0.0,0.0,15.683,18.6,1713063885163
0.0,0.0,15.683,18.6,1713063885164
0.0,0.0,15.662,18.6,1713063885265
0.0,0.0,15.662,18.6,1713063885266
0.0,0.0,15.641,18.6,1713063885366
0.0,0.0,15.641,18.6,1713063885370
0.0,0.0,15.579,18.6,1713063885467
0.0,0.0,15.579,18.6,1713063885469
0.0,0.0,15.62,18.6,1713063885553
0.0,0.0,15.62,18.6,1713063885555
0.0,0.0,15.62,18.6,1713063885647
0.0,0.0,15.62,18.6,1713063885651
0.0,0.0,15.62,18.6,1713063885775
0.0,0.0,15.62,18.6,1713063885776
0.0,0.0,15.62,18.6,1713063885841
0.0,0.0,15.62,18.6,1713063885861
0.0,0.0,15.6,18.6,1713063885935
0.0,0.0,15.6,18.6,1713063885938
0.0,0.0,15.6,18.6,1713063886034
0.0,0.0,15.6,18.6,1713063886036
0.0,0.0,15.631,18.6,1713063886128
0.0,0.0,15.631,18.6,1713063886129
0.0,0.0,15.724,18.6,1713063886223
0.0,0.0,15.724,18.6,1713063886225
0.0,0.0,15.797,18.6,1713063886326
0.0,0.0,15.797,18.6,1713063886327
0.0,0.0,15.839,18.6,1713063886424
0.0,0.0,15.839,18.6,1713063886429
0.0,0.0,15.818,18.6,1713063886620
0.0,0.0,15.818,18.6,1713063886623
0.0,0.0,15.777,18.6,1713063886717
0.0,0.0,15.777,18.6,1713063886718
0.0,0.0,15.766,18.6,1713063886814
0.0,0.0,15.766,18.6,1713063886817
0.0,0.0,15.724,18.6,1713063886907
0.0,0.0,15.724,18.6,1713063886909
0.0,0.0,15.693,18.6,1713063887008
0.0,0.0,15.693,18.6,1713063887010
0.0,0.0,15.756,18.6,1713063887103
0.0,0.0,15.756,18.6,1713063887107
0.0,0.0,15.735,18.6,1713063887201
0.0,0.0,15.735,18.6,1713063887203
0.0,0.0,15.777,18.6,1713063887295
0.0,0.0,15.777,18.6,1713063887297
0.0,0.0,15.797,18.6,1713063887391
0.0,0.0,15.797,18.6,1713063887393
0.0,0.0,15.766,18.6,1713063887491
0.0,0.0,15.766,18.6,1713063887492
0.0,0.0,15.777,18.6,1713063887586
0.0,0.0,15.777,18.6,1713063887588
0.0,0.0,15.756,18.6,1713063887686
0.0,0.0,15.756,18.6,1713063887688
0.0,0.0,15.704,18.6,1713063887804
0.0,0.0,15.704,18.6,1713063887807
0.0,0.0,15.683,18.6,1713063887883
0.0,0.0,15.683,18.6,1713063887886
0.0,0.0,15.724,18.6,1713063887979
0.0,0.0,15.724,18.6,1713063887981
0.0,0.0,15.704,18.6,1713063888084
0.0,0.0,15.704,18.6,1713063888086
0.0,0.0,15.672,18.6,1713063888173
0.0,0.0,15.672,18.6,1713063888175
0.0,0.0,15.641,18.6,1713063888271
0.0,0.0,15.641,18.6,1713063888273
0.0,0.0,15.662,18.6,1713063888365
0.0,0.0,15.662,18.6,1713063888367
0.0,0.0,15.662,18.6,1713063888463
0.0,0.0,15.662,18.6,1713063888465
0.0,0.0,15.724,18.6,1713063888569
0.0,0.0,15.724,18.6,1713063888573
0.0,0.0,15.829,18.6,1713063888668
0.0,0.0,15.829,18.6,1713063888671
0.0,0.0,15.808,18.6,1713063888767
0.0,0.0,15.808,18.6,1713063888784
0.0,0.0,15.766,18.6,1713063888857
0.0,0.0,15.766,18.6,1713063888860
0.0,0.0,15.756,18.6,1713063888962
0.0,0.0,15.756,18.6,1713063888965
0.0,0.0,15.777,18.6,1713063889054
0.0,0.0,15.777,18.6,1713063889055
0.0,0.0,15.808,18.6,1713063889155
0.0,0.0,15.808,18.6,1713063889157
0.0,0.0,15.881,18.6,1713063889261
0.0,0.0,15.881,18.6,1713063889262
0.0,0.0,15.891,18.6,1713063889350
0.0,0.0,15.891,18.6,1713063889351
0.0,0.0,15.901,18.6,1713063889444
0.0,0.0,15.901,18.6,1713063889446
0.0,0.0,15.912,18.6,1713063889546
0.0,0.0,15.912,18.6,1713063889547
0.0,0.0,15.901,18.6,1713063889639
0.0,0.0,15.901,18.6,1713063889645
0.0,0.0,15.933,18.6,1713063889741
0.0,0.0,15.933,18.6,1713063889743
0.0,0.0,15.953,18.6,1713063889837
0.0,0.0,15.953,18.6,1713063889839
0.0,0.0,15.953,18.6,1713063889948
0.0,0.0,15.953,18.6,1713063889950
0.0,0.0,16.058,18.6,1713063890043
0.0,0.0,16.058,18.6,1713063890047
0.0,0.0,16.151,18.6,1713063890140
0.0,0.0,16.151,18.6,1713063890141
0.0,0.0,16.141,18.6,1713063890228
0.0,0.0,16.141,18.6,1713063890235
0.0,0.0,16.141,18.6,1713063890331
0.0,0.0,16.141,18.6,1713063890337
0.0,0.0,16.099,18.6,1713063890429
0.0,0.0,16.099,18.6,1713063890431
0.0,0.0,16.058,18.6,1713063890529
0.0,0.0,16.058,18.6,1713063890531
0.0,0.0,15.943,18.6,1713063890633
0.0,0.0,15.943,18.6,1713063890636
0.0,0.0,15.787,18.6,1713063890729
0.0,0.0,15.787,18.6,1713063890730
0.0,0.0,15.756,18.6,1713063890843
0.0,0.0,15.756,18.6,1713063890844
0.0,0.0,15.745,18.6,1713063890919
0.0,0.0,15.745,18.6,1713063890921
0.0,0.0,15.777,18.6,1713063891021
0.0,0.0,15.777,18.6,1713063891023
0.0,0.0,15.849,18.6,1713063891117
0.0,0.0,15.849,18.6,1713063891119
0.0,0.0,15.808,18.6,1713063891216
0.0,0.0,15.808,18.6,1713063891218
0.0,0.0,15.735,18.6,1713063891316
0.0,0.0,15.735,18.6,1713063891318
0.0,0.0,15.683,18.6,1713063891413
0.0,0.0,15.683,18.6,1713063891414
0.0,0.0,15.693,18.6,1713063891511
0.0,0.0,15.693,18.6,1713063891514
0.0,0.0,15.662,18.6,1713063891606
0.0,0.0,15.662,18.6,1713063891623
0.0,0.0,15.631,18.6,1713063891709
0.0,0.0,15.631,18.6,1713063891710
0.0,0.0,15.641,18.6,1713063891807
0.0,0.0,15.641,18.6,1713063891810
0.0,0.0,15.683,18.6,1713063891903
0.0,0.0,15.683,18.6,1713063891906
0.0,0.0,15.714,18.6,1713063892000
0.0,0.0,15.714,18.6,1713063892001
0.0,0.0,15.756,18.6,1713063892099
0.0,0.0,15.756,18.6,1713063892103
0.0,0.0,15.745,18.6,1713063892194
0.0,0.0,15.745,18.6,1713063892195
0.0,0.0,15.714,18.6,1713063892294
0.0,0.0,15.714,18.6,1713063892297
0.0,0.0,15.704,18.6,1713063892392
0.0,0.0,15.704,18.6,1713063892394
0.0,0.0,15.693,18.6,1713063892486
0.0,0.0,15.693,18.6,1713063892489
0.0,0.0,15.704,18.6,1713063892585
0.0,0.0,15.704,18.6,1713063892586
0.0,0.0,15.672,18.6,1713063892686
0.0,0.0,15.672,18.6,1713063892688
0.0,0.0,15.672,18.6,1713063892785
0.0,0.0,15.672,18.6,1713063892788
0.0,0.0,15.631,18.6,1713063892877
0.0,0.0,15.631,18.6,1713063892883
0.0,0.0,15.662,18.6,1713063892975
0.0,0.0,15.662,18.6,1713063892990
0.0,0.0,15.641,18.6,1713063893079
0.0,0.0,15.641,18.6,1713063893081
0.0,0.0,15.579,18.6,1713063893169
0.0,0.0,15.579,18.6,1713063893170
0.0,0.0,15.496,18.6,1713063893270
0.0,0.0,15.496,18.6,1713063893272
0.0,0.0,15.464,18.6,1713063893372
0.0,0.0,15.464,18.6,1713063893375
0.0,0.0,15.402,18.6,1713063893466
0.0,0.0,15.402,18.6,1713063893468
0.0,0.0,15.454,18.6,1713063893565
0.0,0.0,15.454,18.6,1713063893567
0.0,0.0,15.423,18.6,1713063893663
0.0,0.0,15.423,18.6,1713063893664
0.0,0.0,15.485,18.6,1713063893755
0.0,0.0,15.485,18.6,1713063893756
0.0,0.0,15.496,18.6,1713063893854
0.0,0.0,15.496,18.6,1713063893857
0.0,0.0,15.454,18.6,1713063893951
0.0,0.0,15.454,18.6,1713063893954
0.0,0.0,15.444,18.6,1713063894048
0.0,0.0,15.444,18.6,1713063894051
0.0,0.0,15.391,18.6,1713063894141
0.0,0.0,15.391,18.6,1713063894143
0.0,0.0,15.36,18.6,1713063894237
0.0,0.0,15.36,18.6,1713063894238
0.0,0.0,15.402,18.6,1713063894338
0.0,0.0,15.402,18.6,1713063894340
0.0,0.0,15.485,18.6,1713063894434
0.0,0.0,15.485,18.6,1713063894438
0.0,0.0,15.548,18.6,1713063894525
0.0,0.0,15.548,18.6,1713063894528
0.0,0.0,15.558,18.6,1713063894620
0.0,0.0,15.558,18.6,1713063894622
0.0,0.0,15.537,18.6,1713063894718
0.0,0.0,15.537,18.6,1713063894719
0.0,0.0,15.558,18.6,1713063894814
0.0,0.0,15.558,18.6,1713063894816
0.0,0.0,15.568,18.6,1713063894911
0.0,0.0,15.568,18.6,1713063894913
0.0,0.0,15.6,18.6,1713063895007
0.0,0.0,15.6,18.6,1713063895009
0.0,0.0,15.589,18.6,1713063895121
0.0,0.0,15.589,18.6,1713063895124
0.0,0.0,15.6,18.6,1713063895199
0.0,0.0,15.6,18.6,1713063895201
0.0,0.0,15.683,18.6,1713063895295
0.0,0.0,15.683,18.6,1713063895298
0.0,0.0,15.662,18.6,1713063895394
0.0,0.0,15.662,18.6,1713063895396
0.0,0.0,15.641,18.6,1713063895488
0.0,0.0,15.641,18.6,1713063895490
0.0,0.0,15.672,18.6,1713063895589
0.0,0.0,15.672,18.6,1713063895591
0.0,0.0,15.735,18.6,1713063895692
0.0,0.0,15.735,18.6,1713063895694
0.0,0.0,15.777,18.6,1713063895784
0.0,0.0,15.777,18.6,1713063895785
0.0,0.0,15.818,18.6,1713063895885
0.0,0.0,15.818,18.6,1713063895886
0.0,0.0,15.797,18.6,1713063896000
0.0,0.0,15.797,18.6,1713063896015
0.0,0.0,15.766,18.6,1713063896105
0.0,0.0,15.766,18.6,1713063896107
0.0,0.0,15.641,18.6,1713063896201
0.0,0.0,15.641,18.6,1713063896203
0.0,0.0,15.631,18.6,1713063896296
0.0,0.0,15.631,18.6,1713063896298
0.0,0.0,15.641,18.6,1713063896400
0.0,0.0,15.641,18.6,1713063896402
0.0,0.0,15.631,18.6,1713063896498
0.0,0.0,15.631,18.6,1713063896500
0.0,0.0,15.672,18.6,1713063896604
0.0,0.0,15.672,18.6,1713063896605
0.0,0.0,15.683,18.6,1713063896738
0.0,0.0,15.683,18.6,1713063896740
0.0,0.0,15.652,18.6,1713063896756
0.0,0.0,15.652,18.6,1713063896758
0.0,0.0,15.62,18.6,1713063896852
0.0,0.0,15.62,18.6,1713063896854
0.0,0.0,15.683,18.6,1713063896958
0.0,0.0,15.683,18.6,1713063896960
0.0,0.0,15.724,18.6,1713063897050
0.0,0.0,15.724,18.6,1713063897052
0.0,0.0,15.745,18.6,1713063897147
0.0,0.0,15.745,18.6,1713063897150
0.0,0.0,15.714,18.6,1713063897250
0.0,0.0,15.714,18.6,1713063897252
0.0,0.0,15.808,18.6,1713063897354
0.0,0.0,15.808,18.6,1713063897358
0.0,0.0,15.849,18.6,1713063897449
0.0,0.0,15.849,18.6,1713063897452
0.0,0.0,15.891,18.6,1713063897564
0.0,0.0,15.891,18.6,1713063897567
0.0,0.0,15.87,18.6,1713063897638
0.0,0.0,15.87,18.6,1713063897639
0.0,0.0,15.881,18.6,1713063897738
0.0,0.0,15.881,18.6,1713063897740
0.0,0.0,15.87,18.6,1713063897835
0.0,0.0,15.87,18.6,1713063897836
0.0,0.0,15.849,18.6,1713063897931
0.0,0.0,15.849,18.6,1713063897933
0.0,0.0,15.829,18.6,1713063898063
0.0,0.0,15.829,18.6,1713063898064
0.0,0.0,15.839,18.6,1713063898151
0.0,0.0,15.839,18.6,1713063898153
0.0,0.0,15.829,18.6,1713063898229
0.0,0.0,15.829,18.6,1713063898231
0.0,0.0,15.797,18.6,1713063898325
0.0,0.0,15.797,18.6,1713063898327
0.0,0.0,15.787,18.6,1713063898428
0.0,0.0,15.787,18.6,1713063898430
0.0,0.0,15.818,18.6,1713063898526
0.0,0.0,15.818,18.6,1713063898527
0.0,0.0,15.808,18.6,1713063898621
0.0,0.0,15.808,18.6,1713063898622
0.0,0.0,15.787,18.6,1713063898721
0.0,0.0,15.787,18.6,1713063898727
0.0,0.0,15.787,18.6,1713063898816
0.0,0.0,15.787,18.6,1713063898818
0.0,0.0,15.745,18.6,1713063898912
0.0,0.0,15.745,18.6,1713063898925
0.0,0.0,15.714,18.6,1713063899008
0.0,0.0,15.714,18.6,1713063899011
0.0,0.0,15.704,18.6,1713063899105
0.0,0.0,15.704,18.6,1713063899106
0.0,0.0,15.704,18.6,1713063899207
0.0,0.0,15.704,18.6,1713063899209
0.0,0.0,15.735,18.6,1713063899308
0.0,0.0,15.735,18.6,1713063899311
0.0,0.0,15.797,18.6,1713063899404
0.0,0.0,15.797,18.6,1713063899407
0.0,0.0,15.839,18.6,1713063899502
0.0,0.0,15.839,18.6,1713063899505
0.0,0.0,15.891,18.6,1713063899599
0.0,0.0,15.891,18.6,1713063899602
0.0,0.0,15.87,18.6,1713063899698
0.0,0.0,15.87,18.6,1713063899701
0.0,0.0,15.901,18.6,1713063899796
0.0,0.0,15.901,18.6,1713063899798
0.0,0.0,15.943,18.6,1713063899893
0.0,0.0,15.943,18.6,1713063899895
0.0,0.0,15.933,18.6,1713063899991
0.0,0.0,15.933,18.6,1713063899993
0.0,0.0,15.912,18.6,1713063900090
0.0,0.0,15.912,18.6,1713063900091
0.0,0.0,15.891,18.6,1713063900183
0.0,0.0,15.891,18.6,1713063900185
0.0,0.0,15.933,18.6,1713063900312
0.0,0.0,15.933,18.6,1713063900316
0.0,0.0,16.005,18.6,1713063900386
0.0,0.0,16.005,18.6,1713063900388
0.0,0.0,16.005,18.6,1713063900479
0.0,0.0,16.005,18.6,1713063900482
0.0,0.0,15.995,18.6,1713063900575
0.0,0.0,15.995,18.6,1713063900576
0.0,0.0,15.953,18.6,1713063900679
0.0,0.0,15.953,18.6,1713063900682
0.0,0.0,15.901,18.6,1713063900779
0.0,0.0,15.901,18.6,1713063900782
0.0,0.0,15.891,18.6,1713063900870
0.0,0.0,15.891,18.6,1713063900872
0.0,0.0,15.891,18.6,1713063900974
0.0,0.0,15.891,18.6,1713063900977
0.0,0.0,15.86,18.6,1713063901069
0.0,0.0,15.86,18.6,1713063901073
0.0,0.0,15.849,18.6,1713063901167
