0.0,0.0,4.464,28.8,1692395820935
0.0,0.0,4.464,28.8,1692395821002
0.0,0.0,4.464,28.8,1692395821073
0.0,0.0,4.464,28.8,1692395821148
0.0,0.0,4.464,28.8,1692395821218
0.0,0.0,4.464,28.8,1692395821304
0.0,0.0,4.475,28.8,1692395821386
0.0,0.0,4.475,28.8,1692395821421
0.0,0.0,4.475,28.8,1692395821496
0.0,0.0,4.475,28.8,1692395821567
0.0,0.0,4.475,28.8,1692395821635
0.0,0.0,4.475,28.8,1692395821706
0.0,0.0,4.475,28.8,1692395821775
0.0,0.0,4.475,28.8,1692395821847
0.0,0.0,4.475,28.8,1692395821912
0.0,0.0,4.475,28.8,1692395821984
0.0,0.0,4.475,28.8,1692395822054
0.0,0.0,4.475,28.8,1692395822121
0.0,0.0,4.464,28.8,1692395822194
0.0,0.0,4.464,28.8,1692395822269
0.0,0.0,4.464,28.8,1692395822336
0.0,0.0,4.464,28.8,1692395822402
0.0,0.0,4.464,28.8,1692395822472
0.0,0.0,4.464,28.8,1692395822544
0.0,0.0,4.454,28.8,1692395822613
0.0,0.0,4.454,28.8,1692395822706
0.0,0.0,4.454,28.8,1692395822782
0.0,0.0,4.443,28.8,1692395822824
0.0,0.0,4.443,28.8,1692395822895
35.162601470947266,139.61512756347656,4.443,28.8,1692395822895
0.0,0.0,4.443,28.8,1692395822960
0.0,0.0,4.443,28.8,1692395823031
0.0,0.0,4.433,28.8,1692395823121
0.0,0.0,4.433,28.8,1692395823172
0.0,0.0,4.433,28.8,1692395823245
0.0,0.0,4.433,28.8,1692395823317
0.0,0.0,4.443,28.8,1692395823384
0.0,0.0,4.443,28.8,1692395823456
0.0,0.0,4.443,28.8,1692395823521
0.0,0.0,4.454,28.8,1692395823597
0.0,0.0,4.464,28.8,1692395823668
0.0,0.0,4.464,28.8,1692395823732
0.0,0.0,4.475,28.8,1692395823805
0.0,0.0,4.475,28.8,1692395823871
0.0,0.0,4.506,28.8,1692395823946
0.0,0.0,4.506,28.8,1692395824034
0.0,0.0,4.516,28.8,1692395824122
0.0,0.0,4.506,28.8,1692395824167
0.0,0.0,4.506,28.8,1692395824246
0.0,0.0,4.506,28.8,1692395824289
0.0,0.0,4.506,28.8,1692395824362
0.0,0.0,4.506,28.8,1692395824431
0.0,0.0,4.485,28.8,1692395824499
0.0,0.0,4.485,28.8,1692395824569
0.0,0.0,4.475,28.8,1692395824643
0.0,0.0,4.475,28.8,1692395824710
0.0,0.0,4.454,28.8,1692395824778
0.0,0.0,4.443,28.8,1692395824850
35.16261291503906,139.6151123046875,4.443,28.8,1692395824850
0.0,0.0,4.433,28.8,1692395824952
0.0,0.0,4.443,28.8,1692395824988
0.0,0.0,4.454,28.8,1692395825061
0.0,0.0,4.454,28.8,1692395825133
0.0,0.0,4.454,28.8,1692395825200
0.0,0.0,4.454,28.8,1692395825276
0.0,0.0,4.485,28.8,1692395825349
0.0,0.0,4.485,28.8,1692395825415
0.0,0.0,4.495,28.8,1692395825482
0.0,0.0,4.495,28.8,1692395825551
0.0,0.0,4.495,28.8,1692395825624
0.0,0.0,4.506,28.8,1692395825725
0.0,0.0,4.516,28.8,1692395825762
0.0,0.0,4.506,28.8,1692395825834
0.0,0.0,4.506,28.8,1692395825918
35.16261672973633,139.61509704589844,4.506,28.8,1692395825918
0.0,0.0,4.495,28.8,1692395825971
0.0,0.0,4.495,28.8,1692395826044
0.0,0.0,4.495,28.8,1692395826112
0.0,0.0,4.475,28.8,1692395826185
0.0,0.0,4.464,28.8,1692395826249
0.0,0.0,4.454,28.8,1692395826329
0.0,0.0,4.454,28.8,1692395826391
0.0,0.0,4.464,28.8,1692395826468
0.0,0.0,4.464,28.8,1692395826540
0.0,0.0,4.485,28.8,1692395826605
0.0,0.0,4.495,28.8,1692395826677
0.0,0.0,4.506,28.8,1692395826743
0.0,0.0,4.516,28.8,1692395826811
0.0,0.0,4.516,28.8,1692395826884
35.162628173828125,139.61509704589844,4.516,28.8,1692395826884
0.0,0.0,4.527,28.8,1692395826954
0.0,0.0,4.547,28.8,1692395827020
0.0,0.0,4.547,28.8,1692395827090
0.0,0.0,4.547,28.8,1692395827160
0.0,0.0,4.568,28.8,1692395827228
0.0,0.0,4.568,28.8,1692395827303
0.0,0.0,4.589,28.8,1692395827369
0.0,0.0,4.589,28.8,1692395827443
0.0,0.0,4.589,28.8,1692395827512
0.0,0.0,4.579,28.8,1692395827585
0.0,0.0,4.568,28.8,1692395827653
0.0,0.0,4.579,28.8,1692395827725
0.0,0.0,4.579,28.8,1692395827820
0.0,0.0,4.568,28.8,1692395827942
35.162635803222656,139.61508178710938,4.568,28.8,1692395827942
0.0,0.0,4.568,28.8,1692395828005
0.0,0.0,4.579,28.8,1692395828070
0.0,0.0,4.568,28.8,1692395828141
0.0,0.0,4.558,28.8,1692395828211
0.0,0.0,4.547,28.8,1692395828283
0.0,0.0,4.527,28.8,1692395828350
0.0,0.0,4.527,28.8,1692395828423
0.0,0.0,4.537,28.8,1692395828491
0.0,0.0,4.537,28.8,1692395828562
0.0,0.0,4.516,28.8,1692395828662
0.0,0.0,4.527,28.8,1692395828700
0.0,0.0,4.527,28.8,1692395828768
0.0,0.0,4.516,28.8,1692395828842
0.0,0.0,4.506,28.8,1692395828910
35.16264343261719,139.61508178710938,4.506,28.8,1692395828910
0.0,0.0,4.506,28.8,1692395828979
0.0,0.0,4.495,28.8,1692395829050
0.0,0.0,4.495,28.8,1692395829121
0.0,0.0,4.516,28.8,1692395829189
0.0,0.0,4.527,28.8,1692395829263
0.0,0.0,4.527,28.8,1692395829331
0.0,0.0,4.537,28.8,1692395829404
0.0,0.0,4.558,28.8,1692395829472
0.0,0.0,4.568,28.8,1692395829545
0.0,0.0,4.579,28.8,1692395829614
0.0,0.0,4.579,28.8,1692395829683
0.0,0.0,4.579,28.8,1692395829753
0.0,0.0,4.599,28.8,1692395829822
0.0,0.0,4.61,28.8,1692395829899
35.16265106201172,139.6150665283203,4.61,28.8,1692395829899
0.0,0.0,4.62,28.8,1692395829962
0.0,0.0,4.641,28.8,1692395830031
0.0,0.0,4.631,28.8,1692395830103
0.0,0.0,4.62,28.8,1692395830174
0.0,0.0,4.599,28.8,1692395830239
0.0,0.0,4.579,28.8,1692395830310
0.0,0.0,4.568,28.8,1692395830386
0.0,0.0,4.558,28.8,1692395830467
0.0,0.0,4.558,28.8,1692395830571
0.0,0.0,4.558,28.8,1692395830593
0.0,0.0,4.558,28.8,1692395830700
0.0,0.0,4.547,28.8,1692395830733
0.0,0.0,4.537,28.8,1692395830842
0.0,0.0,4.547,28.8,1692395830871
0.0,0.0,4.537,28.8,1692395830968
35.162662506103516,139.61505126953125,4.537,28.8,1692395830968
0.0,0.0,4.547,28.8,1692395831009
0.0,0.0,4.558,28.8,1692395831092
0.0,0.0,4.568,28.8,1692395831193
0.0,0.0,4.579,28.8,1692395831219
0.0,0.0,4.579,28.8,1692395831318
0.0,0.0,4.579,28.8,1692395831361
0.0,0.0,4.579,28.8,1692395831432
0.0,0.0,4.568,28.8,1692395831501
0.0,0.0,4.558,28.8,1692395831661
0.0,0.0,4.579,28.8,1692395831669
0.0,0.0,4.558,28.8,1692395831727
0.0,0.0,4.568,28.8,1692395831782
0.0,0.0,4.558,28.8,1692395831931
35.16266632080078,139.6150360107422,4.558,28.8,1692395831931
0.0,0.0,4.568,28.8,1692395831962
0.0,0.0,4.568,28.8,1692395831989
0.0,0.0,4.558,28.8,1692395832089
0.0,0.0,4.568,28.8,1692395832129
0.0,0.0,4.579,28.8,1692395832289
0.0,0.0,4.599,28.8,1692395832442
0.0,0.0,4.61,28.8,1692395832483
0.0,0.0,4.62,28.8,1692395832644
0.0,0.0,4.62,28.8,1692395832651
0.0,0.0,4.62,28.8,1692395832692
0.0,0.0,4.631,28.8,1692395832867
0.0,0.0,4.631,28.8,1692395832881
0.0,0.0,4.631,28.8,1692395832903
35.16267776489258,139.6150360107422,4.631,28.8,1692395832903
0.0,0.0,4.62,28.8,1692395833093
0.0,0.0,4.61,28.8,1692395833099
0.0,0.0,4.599,28.8,1692395833109
0.0,0.0,4.589,28.8,1692395833178
0.0,0.0,4.568,28.8,1692395833318
0.0,0.0,4.558,28.8,1692395833321
0.0,0.0,4.558,28.8,1692395833393
0.0,0.0,4.558,28.8,1692395833552
0.0,0.0,4.547,28.8,1692395833563
0.0,0.0,4.537,28.8,1692395833601
0.0,0.0,4.537,28.8,1692395833774
0.0,0.0,4.516,28.8,1692395833780
0.0,0.0,4.527,28.8,1692395833813
35.16268539428711,139.61502075195312,4.527,28.8,1692395833813
0.0,0.0,4.527,28.8,1692395833995
0.0,0.0,4.527,28.8,1692395834008
0.0,0.0,4.537,28.8,1692395834026
0.0,0.0,4.537,28.8,1692395834090
0.0,0.0,4.527,28.8,1692395834230
0.0,0.0,4.527,28.8,1692395834235
0.0,0.0,4.506,28.8,1692395834299
0.0,0.0,4.506,28.8,1692395834370
0.0,0.0,4.516,28.8,1692395834443
0.0,0.0,4.506,28.8,1692395834511
0.0,0.0,4.516,28.8,1692395834581
0.0,0.0,4.516,28.8,1692395834654
0.0,0.0,4.516,28.8,1692395834726
0.0,0.0,4.527,28.8,1692395834792
0.0,0.0,4.527,28.8,1692395834861
0.0,0.0,4.527,28.8,1692395834932
35.162696838378906,139.61500549316406,4.527,28.8,1692395834932
0.0,0.0,4.537,28.8,1692395834998
0.0,0.0,4.547,28.8,1692395835071
0.0,0.0,4.558,28.8,1692395835139
0.0,0.0,4.568,28.8,1692395835209
0.0,0.0,4.558,28.8,1692395835291
0.0,0.0,4.558,28.8,1692395835359
0.0,0.0,4.558,28.8,1692395835425
0.0,0.0,4.568,28.8,1692395835493
0.0,0.0,4.568,28.8,1692395835560
0.0,0.0,4.558,28.8,1692395835632
0.0,0.0,4.547,28.8,1692395835702
0.0,0.0,4.558,28.8,1692395835772
0.0,0.0,4.547,28.8,1692395835873
35.16270446777344,139.614990234375,4.547,28.8,1692395835873
0.0,0.0,4.537,28.8,1692395835940
0.0,0.0,4.547,28.8,1692395835978
0.0,0.0,4.547,28.8,1692395836051
0.0,0.0,4.568,28.8,1692395836119
0.0,0.0,4.568,28.8,1692395836189
0.0,0.0,4.568,28.8,1692395836260
0.0,0.0,4.558,28.8,1692395836329
0.0,0.0,4.579,28.8,1692395836403
0.0,0.0,4.589,28.8,1692395836468
0.0,0.0,4.579,28.8,1692395836542
0.0,0.0,4.568,28.8,1692395836611
0.0,0.0,4.589,28.8,1692395836685
0.0,0.0,4.599,28.8,1692395836754
0.0,0.0,4.579,28.8,1692395836827
0.0,0.0,4.568,28.8,1692395836890
35.16271209716797,139.614990234375,4.568,28.8,1692395836890
0.0,0.0,4.558,28.8,1692395836960
0.0,0.0,4.558,28.8,1692395837030
0.0,0.0,4.579,28.8,1692395837100
0.0,0.0,4.568,28.8,1692395837168
0.0,0.0,4.558,28.8,1692395837239
0.0,0.0,4.558,28.8,1692395837310
0.0,0.0,4.568,28.8,1692395837388
0.0,0.0,4.579,28.8,1692395837472
0.0,0.0,4.568,28.8,1692395837524
0.0,0.0,4.558,28.8,1692395837591
0.0,0.0,4.579,28.8,1692395837662
0.0,0.0,4.568,28.8,1692395837733
0.0,0.0,4.568,28.8,1692395837807
0.0,0.0,4.568,28.8,1692395837873
0.0,0.0,4.568,28.8,1692395837940
35.162723541259766,139.61497497558594,4.568,28.8,1692395837940
0.0,0.0,4.568,28.8,1692395838011
0.0,0.0,4.579,28.8,1692395838090
0.0,0.0,4.579,28.8,1692395838174
0.0,0.0,4.568,28.8,1692395838221
0.0,0.0,4.568,28.8,1692395838289
0.0,0.0,4.558,28.8,1692395838360
0.0,0.0,4.558,28.8,1692395838431
0.0,0.0,4.558,28.8,1692395838505
0.0,0.0,4.558,28.8,1692395838572
0.0,0.0,4.547,28.8,1692395838641
0.0,0.0,4.558,28.8,1692395838712
0.0,0.0,4.558,28.8,1692395838779
0.0,0.0,4.547,28.8,1692395838854
0.0,0.0,4.558,28.8,1692395838923
35.1627311706543,139.61495971679688,4.558,28.8,1692395838923
0.0,0.0,4.568,28.8,1692395838991
0.0,0.0,4.579,28.8,1692395839061
0.0,0.0,4.589,28.8,1692395839132
0.0,0.0,4.589,28.8,1692395839199
0.0,0.0,4.589,28.8,1692395839272
0.0,0.0,4.589,28.8,1692395839340
0.0,0.0,4.589,28.8,1692395839413
0.0,0.0,4.599,28.8,1692395839483
0.0,0.0,4.579,28.8,1692395839561
0.0,0.0,4.589,28.8,1692395839641
0.0,0.0,4.599,28.8,1692395839694
0.0,0.0,4.599,28.8,1692395839765
0.0,0.0,4.589,28.8,1692395839832
0.0,0.0,4.61,28.8,1692395839905
35.162742614746094,139.6149444580078,4.61,28.8,1692395839905
0.0,0.0,4.599,28.8,1692395839970
0.0,0.0,4.599,28.8,1692395840040
0.0,0.0,4.61,28.8,1692395840110
0.0,0.0,4.62,28.8,1692395840182
0.0,0.0,4.631,28.8,1692395840251
0.0,0.0,4.631,29.0,1692395840327
0.0,0.0,4.631,29.0,1692395840388
0.0,0.0,4.651,29.0,1692395840462
0.0,0.0,4.641,29.0,1692395840531
0.0,0.0,4.641,29.0,1692395840601
0.0,0.0,4.641,29.0,1692395840670
0.0,0.0,4.641,29.0,1692395840743
0.0,0.0,4.662,29.0,1692395840816
0.0,0.0,4.651,29.0,1692395840882
35.16275405883789,139.6149444580078,4.651,29.0,1692395840882
0.0,0.0,4.641,29.0,1692395840948
0.0,0.0,4.641,29.0,1692395841019
0.0,0.0,4.62,29.0,1692395841091
0.0,0.0,4.62,29.0,1692395841162
0.0,0.0,4.61,29.0,1692395841230
0.0,0.0,4.589,29.0,1692395841300
0.0,0.0,4.599,29.0,1692395841372
0.0,0.0,4.61,29.0,1692395841444
0.0,0.0,4.62,29.0,1692395841514
0.0,0.0,4.61,29.0,1692395841580
0.0,0.0,4.61,29.0,1692395841650
0.0,0.0,4.62,29.0,1692395841741
0.0,0.0,4.62,29.0,1692395841817
0.0,0.0,4.62,29.0,1692395841865
0.0,0.0,4.631,29.0,1692395841930
35.16276550292969,139.61492919921875,4.631,29.0,1692395841930
0.0,0.0,4.641,29.0,1692395841999
0.0,0.0,4.641,29.0,1692395842071
0.0,0.0,4.662,29.0,1692395842150
0.0,0.0,4.672,29.0,1692395842209
0.0,0.0,4.683,29.0,1692395842283
0.0,0.0,4.672,29.0,1692395842370
0.0,0.0,4.703,29.0,1692395842422
0.0,0.0,4.703,29.0,1692395842491
0.0,0.0,4.703,29.0,1692395842563
0.0,0.0,4.703,29.0,1692395842634
0.0,0.0,4.735,29.0,1692395842703
0.0,0.0,4.735,29.0,1692395842772
0.0,0.0,4.735,29.0,1692395842843
0.0,0.0,4.745,29.0,1692395842913
35.162776947021484,139.6149139404297,4.745,29.0,1692395842913
0.0,0.0,4.745,29.0,1692395842981
0.0,0.0,4.724,29.0,1692395843053
0.0,0.0,4.724,29.0,1692395843134
0.0,0.0,4.714,29.0,1692395843214
0.0,0.0,4.724,29.0,1692395843266
0.0,0.0,4.714,29.0,1692395843330
0.0,0.0,4.724,28.8,1692395843402
0.0,0.0,4.714,28.8,1692395843470
0.0,0.0,4.703,28.8,1692395843540
0.0,0.0,4.693,28.8,1692395843612
0.0,0.0,4.683,28.8,1692395843683
0.0,0.0,4.672,28.8,1692395843751
0.0,0.0,4.651,28.8,1692395843830
0.0,0.0,4.641,28.8,1692395843906
35.16278839111328,139.61489868164062,4.641,28.8,1692395843906
0.0,0.0,4.651,28.8,1692395843977
0.0,0.0,4.651,28.8,1692395844030
0.0,0.0,4.641,28.8,1692395844100
0.0,0.0,4.631,28.8,1692395844169
0.0,0.0,4.62,28.8,1692395844240
0.0,0.0,4.61,28.8,1692395844309
0.0,0.0,4.589,28.8,1692395844407
0.0,0.0,4.599,28.8,1692395844449
0.0,0.0,4.61,28.8,1692395844523
0.0,0.0,4.61,28.8,1692395844592
0.0,0.0,4.631,28.8,1692395844664
0.0,0.0,4.641,28.8,1692395844731
0.0,0.0,4.651,28.8,1692395844808
0.0,0.0,4.651,28.8,1692395844877
35.16279983520508,139.61489868164062,4.651,28.8,1692395844877
0.0,0.0,4.662,28.8,1692395844940
0.0,0.0,4.672,28.8,1692395845010
0.0,0.0,4.683,28.8,1692395845081
0.0,0.0,4.693,28.8,1692395845151
0.0,0.0,4.703,28.8,1692395845220
0.0,0.0,4.703,28.8,1692395845296
0.0,0.0,4.703,28.8,1692395845372
0.0,0.0,4.693,28.8,1692395845452
0.0,0.0,4.683,28.8,1692395845503
0.0,0.0,4.662,28.8,1692395845574
0.0,0.0,4.651,28.8,1692395845642
0.0,0.0,4.631,28.8,1692395845710
0.0,0.0,4.631,28.8,1692395845783
0.0,0.0,4.62,28.8,1692395845852
0.0,0.0,4.61,28.8,1692395845930
35.162811279296875,139.61488342285156,4.61,28.8,1692395845930
0.0,0.0,4.61,28.8,1692395846008
0.0,0.0,4.599,28.8,1692395846058
0.0,0.0,4.61,28.8,1692395846202
0.0,0.0,4.589,28.8,1692395846343
0.0,0.0,4.62,28.8,1692395846499
0.0,0.0,4.631,28.8,1692395846695
0.0,0.0,4.641,28.8,1692395846707
0.0,0.0,4.651,28.8,1692395846717
0.0,0.0,4.672,28.8,1692395846764
0.0,0.0,4.672,28.8,1692395846919
35.162818908691406,139.6148681640625,4.672,28.8,1692395846919
0.0,0.0,4.651,28.8,1692395846952
0.0,0.0,4.662,28.8,1692395846970
0.0,0.0,4.672,28.8,1692395847140
0.0,0.0,4.693,28.8,1692395847146
0.0,0.0,4.693,28.8,1692395847187
0.0,0.0,4.672,28.8,1692395847362
0.0,0.0,4.662,28.8,1692395847369
0.0,0.0,4.651,28.8,1692395847392
0.0,0.0,4.651,28.8,1692395847582
0.0,0.0,4.641,28.8,1692395847590
0.0,0.0,4.631,28.8,1692395847602
0.0,0.0,4.641,28.8,1692395847671
0.0,0.0,4.662,28.8,1692395847805
0.0,0.0,4.651,28.8,1692395847815
0.0,0.0,4.662,28.8,1692395847883
35.1628303527832,139.6148681640625,4.662,28.8,1692395847883
0.0,0.0,4.672,28.8,1692395848025
0.0,0.0,4.683,28.8,1692395848046
0.0,0.0,4.683,28.8,1692395848089
0.0,0.0,4.693,28.8,1692395848251
0.0,0.0,4.703,28.8,1692395848253
0.0,0.0,4.714,28.8,1692395848301
0.0,0.0,4.724,28.8,1692395848379
0.0,0.0,4.735,28.8,1692395848467
0.0,0.0,4.724,28.8,1692395848511
0.0,0.0,4.714,28.8,1692395848581
0.0,0.0,4.724,28.8,1692395848653
0.0,0.0,4.714,28.8,1692395848722
0.0,0.0,4.714,28.8,1692395848797
0.0,0.0,4.703,28.8,1692395848864
0.0,0.0,4.693,28.8,1692395848933
35.162841796875,139.61485290527344,4.693,28.8,1692395848933
0.0,0.0,4.703,28.8,1692395849000
0.0,0.0,4.683,28.8,1692395849078
0.0,0.0,4.683,28.8,1692395849159
0.0,0.0,4.683,28.8,1692395849210
0.0,0.0,4.672,28.8,1692395849288
0.0,0.0,4.662,28.8,1692395849349
0.0,0.0,4.662,28.8,1692395849426
0.0,0.0,4.672,28.8,1692395849495
0.0,0.0,4.651,28.8,1692395849564
0.0,0.0,4.641,28.8,1692395849633
0.0,0.0,4.641,28.8,1692395849701
0.0,0.0,4.631,28.8,1692395849772
0.0,0.0,4.631,28.8,1692395849845
0.0,0.0,4.631,28.8,1692395849908
35.162845611572266,139.61483764648438,4.631,28.8,1692395849908
0.0,0.0,4.631,28.8,1692395849980
0.0,0.0,4.641,28.8,1692395850049
0.0,0.0,4.641,28.8,1692395850120
0.0,0.0,4.631,28.8,1692395850192
0.0,0.0,4.641,28.8,1692395850263
0.0,0.0,4.662,28.8,1692395850347
0.0,0.0,4.672,28.8,1692395850477
0.0,0.0,4.693,28.8,1692395850481
0.0,0.0,4.714,28.8,1692395850556
0.0,0.0,4.724,28.8,1692395850640
0.0,0.0,4.745,28.8,1692395850682
0.0,0.0,4.756,28.8,1692395850751
0.0,0.0,4.745,28.8,1692395850839
0.0,0.0,4.745,28.8,1692395850944
35.1628532409668,139.6148223876953,4.745,28.8,1692395850944
0.0,0.0,4.745,28.8,1692395850965
0.0,0.0,4.745,28.8,1692395851058
0.0,0.0,4.724,28.8,1692395851100
0.0,0.0,4.703,28.8,1692395851208
0.0,0.0,4.703,28.8,1692395851241
0.0,0.0,4.703,28.8,1692395851338
0.0,0.0,4.693,28.8,1692395851382
0.0,0.0,4.693,28.8,1692395851483
0.0,0.0,4.683,28.8,1692395851526
0.0,0.0,4.693,28.8,1692395851592
0.0,0.0,4.714,28.8,1692395851662
0.0,0.0,4.714,28.8,1692395851759
0.0,0.0,4.735,28.8,1692395851800
0.0,0.0,4.735,28.8,1692395851941
35.16286087036133,139.61480712890625,4.735,28.8,1692395851941
0.0,0.0,4.735,28.8,1692395851944
0.0,0.0,4.745,28.8,1692395852010
0.0,0.0,4.735,28.8,1692395852080
0.0,0.0,4.735,28.8,1692395852150
0.0,0.0,4.724,28.8,1692395852221
0.0,0.0,4.714,28.8,1692395852290
0.0,0.0,4.714,29.0,1692395852381
0.0,0.0,4.703,29.0,1692395852431
0.0,0.0,4.703,29.0,1692395852504
0.0,0.0,4.693,29.0,1692395852577
0.0,0.0,4.672,29.0,1692395852642
0.0,0.0,4.662,29.0,1692395852714
0.0,0.0,4.662,29.0,1692395852793
0.0,0.0,4.662,29.0,1692395852854
0.0,0.0,4.672,29.0,1692395852923
35.16286849975586,139.61480712890625,4.672,29.0,1692395852923
0.0,0.0,4.662,29.0,1692395852992
0.0,0.0,4.672,29.0,1692395853060
0.0,0.0,4.672,29.0,1692395853135
0.0,0.0,4.683,29.0,1692395853200
0.0,0.0,4.703,29.0,1692395853270
0.0,0.0,4.683,29.0,1692395853351
0.0,0.0,4.683,29.0,1692395853433
0.0,0.0,4.693,29.0,1692395853481
0.0,0.0,4.703,29.0,1692395853554
0.0,0.0,4.703,29.0,1692395853623
0.0,0.0,4.693,29.0,1692395853693
0.0,0.0,4.693,29.0,1692395853765
0.0,0.0,4.693,29.0,1692395853836
0.0,0.0,4.693,29.0,1692395853902
35.162872314453125,139.6147918701172,4.693,29.0,1692395853902
0.0,0.0,4.693,29.0,1692395853972
0.0,0.0,4.683,29.0,1692395854040
0.0,0.0,4.672,29.0,1692395854109
0.0,0.0,4.672,29.0,1692395854184
0.0,0.0,4.662,29.0,1692395854253
0.0,0.0,4.662,29.0,1692395854373
0.0,0.0,4.672,29.0,1692395854388
0.0,0.0,4.672,29.0,1692395854463
0.0,0.0,4.672,29.0,1692395854533
0.0,0.0,4.672,29.0,1692395854605
0.0,0.0,4.662,29.0,1692395854674
0.0,0.0,4.662,29.0,1692395854741
0.0,0.0,4.651,29.0,1692395854811
0.0,0.0,4.662,29.0,1692395854922
35.162879943847656,139.61477661132812,4.662,29.0,1692395854922
0.0,0.0,4.662,29.0,1692395854978
0.0,0.0,4.672,29.0,1692395855024
0.0,0.0,4.683,29.0,1692395855092
0.0,0.0,4.672,29.0,1692395855160
0.0,0.0,4.672,29.0,1692395855231
0.0,0.0,4.662,29.0,1692395855304
0.0,0.0,4.662,28.8,1692395855371
0.0,0.0,4.662,28.8,1692395855442
0.0,0.0,4.662,28.8,1692395855515
0.0,0.0,4.662,28.8,1692395855594
0.0,0.0,4.662,28.8,1692395855673
0.0,0.0,4.662,28.8,1692395855721
0.0,0.0,4.672,28.8,1692395855791
0.0,0.0,4.672,28.8,1692395855866
35.16288757324219,139.61476135253906,4.672,28.8,1692395855866
0.0,0.0,4.672,28.8,1692395855934
0.0,0.0,4.672,28.8,1692395856003
0.0,0.0,4.672,28.8,1692395856073
0.0,0.0,4.672,28.8,1692395856141
0.0,0.0,4.662,28.8,1692395856211
0.0,0.0,4.662,28.8,1692395856333
0.0,0.0,4.662,28.8,1692395856375
0.0,0.0,4.662,28.8,1692395856420
0.0,0.0,4.662,28.8,1692395856495
0.0,0.0,4.662,28.8,1692395856563
0.0,0.0,4.651,28.8,1692395856633
0.0,0.0,4.662,28.8,1692395856703
0.0,0.0,4.662,28.8,1692395856772
0.0,0.0,4.672,28.8,1692395856844
0.0,0.0,4.672,28.8,1692395856928
35.16289138793945,139.61474609375,4.672,28.8,1692395856928
0.0,0.0,4.672,28.8,1692395856981
0.0,0.0,4.683,28.8,1692395857050
0.0,0.0,4.693,28.8,1692395857119
0.0,0.0,4.703,28.8,1692395857193
0.0,0.0,4.703,28.8,1692395857266
0.0,0.0,4.693,28.8,1692395857334
0.0,0.0,4.693,28.8,1692395857401
0.0,0.0,4.703,28.8,1692395857472
0.0,0.0,4.703,28.8,1692395857544
0.0,0.0,4.693,28.8,1692395857615
0.0,0.0,4.683,28.8,1692395857683
0.0,0.0,4.683,28.8,1692395857751
0.0,0.0,4.683,28.8,1692395857830
0.0,0.0,4.703,28.8,1692395857903
35.162899017333984,139.61473083496094,4.703,28.8,1692395857903
0.0,0.0,4.703,28.8,1692395857965
0.0,0.0,4.703,28.8,1692395858030
0.0,0.0,4.703,28.8,1692395858099
0.0,0.0,4.703,28.8,1692395858171
0.0,0.0,4.703,28.8,1692395858242
0.0,0.0,4.703,28.8,1692395858314
0.0,0.0,4.703,28.8,1692395858385
0.0,0.0,4.714,28.8,1692395858453
0.0,0.0,4.714,28.8,1692395858543
0.0,0.0,4.714,28.8,1692395858622
0.0,0.0,4.703,28.8,1692395858662
0.0,0.0,4.703,28.8,1692395858733
0.0,0.0,4.683,28.8,1692395858802
0.0,0.0,4.683,28.8,1692395858873
35.162906646728516,139.61471557617188,4.683,28.8,1692395858873
0.0,0.0,4.693,28.8,1692395858952
0.0,0.0,4.693,28.8,1692395859011
0.0,0.0,4.683,28.8,1692395859083
0.0,0.0,4.683,28.8,1692395859151
0.0,0.0,4.683,28.8,1692395859221
0.0,0.0,4.683,28.8,1692395859291
0.0,0.0,4.683,28.8,1692395859363
0.0,0.0,4.683,28.8,1692395859432
0.0,0.0,4.683,28.8,1692395859502
0.0,0.0,4.683,28.8,1692395859572
0.0,0.0,4.683,28.8,1692395859642
0.0,0.0,4.672,28.8,1692395859783
0.0,0.0,4.672,28.8,1692395859789
0.0,0.0,4.672,28.8,1692395859856
0.0,0.0,4.683,28.8,1692395859920
35.16291427612305,139.6147003173828,4.683,28.8,1692395859920
0.0,0.0,4.683,28.8,1692395859989
0.0,0.0,4.683,28.8,1692395860060
0.0,0.0,4.683,28.8,1692395860130
0.0,0.0,4.672,28.8,1692395860203
0.0,0.0,4.662,28.8,1692395860270
0.0,0.0,4.651,28.8,1692395860345
0.0,0.0,4.651,28.8,1692395860413
0.0,0.0,4.651,28.8,1692395860493
0.0,0.0,4.651,28.8,1692395860552
0.0,0.0,4.651,28.8,1692395860621
0.0,0.0,4.631,28.8,1692395860697
0.0,0.0,4.631,28.8,1692395860761
0.0,0.0,4.631,28.8,1692395860835
0.0,0.0,4.62,28.8,1692395860900
35.162925720214844,139.61468505859375,4.62,28.8,1692395860900
0.0,0.0,4.62,28.8,1692395860969
0.0,0.0,4.62,28.8,1692395861040
0.0,0.0,4.62,28.8,1692395861109
0.0,0.0,4.62,28.8,1692395861180
0.0,0.0,4.62,28.8,1692395861250
0.0,0.0,4.62,28.8,1692395861318
0.0,0.0,4.631,29.0,1692395861390
0.0,0.0,4.641,29.0,1692395861468
0.0,0.0,4.641,29.0,1692395861544
0.0,0.0,4.641,29.0,1692395861602
0.0,0.0,4.641,29.0,1692395861672
0.0,0.0,4.651,29.0,1692395861742
0.0,0.0,4.651,29.0,1692395861815
0.0,0.0,4.651,29.0,1692395861883
35.162933349609375,139.61468505859375,4.651,29.0,1692395861883
0.0,0.0,4.662,29.0,1692395861950
0.0,0.0,4.672,29.0,1692395862024
0.0,0.0,4.672,29.0,1692395862090
0.0,0.0,4.662,29.0,1692395862159
0.0,0.0,4.672,29.0,1692395862230
0.0,0.0,4.672,29.0,1692395862303
0.0,0.0,4.662,29.0,1692395862371
0.0,0.0,4.662,29.0,1692395862442
0.0,0.0,4.662,29.0,1692395862511
0.0,0.0,4.672,29.0,1692395862582
0.0,0.0,4.683,29.0,1692395862663
0.0,0.0,4.683,29.0,1692395862723
0.0,0.0,4.672,29.0,1692395862793
0.0,0.0,4.651,29.0,1692395862865
35.162940979003906,139.6146697998047,4.651,29.0,1692395862865
0.0,0.0,4.651,29.0,1692395862943
0.0,0.0,4.672,29.0,1692395863013
0.0,0.0,4.651,29.0,1692395863088
0.0,0.0,4.662,29.0,1692395863138
0.0,0.0,4.672,29.0,1692395863210
0.0,0.0,4.683,29.0,1692395863283
0.0,0.0,4.683,29.0,1692395863353
0.0,0.0,4.662,29.0,1692395863421
0.0,0.0,4.683,29.0,1692395863493
0.0,0.0,4.683,29.0,1692395863561
0.0,0.0,4.683,29.0,1692395863637
0.0,0.0,4.693,29.0,1692395863705
0.0,0.0,4.683,29.0,1692395863772
0.0,0.0,4.693,29.0,1692395863842
0.0,0.0,4.714,29.0,1692395863913
35.1629524230957,139.61465454101562,4.714,29.0,1692395863913
0.0,0.0,4.714,29.0,1692395863981
0.0,0.0,4.703,29.0,1692395864049
0.0,0.0,4.703,29.0,1692395864120
0.0,0.0,4.693,29.0,1692395864192
0.0,0.0,4.703,29.0,1692395864259
0.0,0.0,4.693,29.0,1692395864334
0.0,0.0,4.672,29.0,1692395864437
0.0,0.0,4.672,29.0,1692395864469
0.0,0.0,4.662,29.0,1692395864539
0.0,0.0,4.683,29.0,1692395864612
0.0,0.0,4.672,29.0,1692395864682
0.0,0.0,4.672,29.0,1692395864754
0.0,0.0,4.672,29.0,1692395864824
0.0,0.0,4.693,29.0,1692395864892
35.162960052490234,139.61463928222656,4.693,29.0,1692395864892
0.0,0.0,4.693,29.0,1692395864960
0.0,0.0,4.703,29.0,1692395865033
0.0,0.0,4.703,29.0,1692395865106
0.0,0.0,4.714,29.0,1692395865190
0.0,0.0,4.724,29.0,1692395865240
0.0,0.0,4.735,29.0,1692395865312
0.0,0.0,4.735,29.0,1692395865382
0.0,0.0,4.724,29.0,1692395865451
0.0,0.0,4.735,29.0,1692395865520
0.0,0.0,4.745,29.0,1692395865590
0.0,0.0,4.735,29.0,1692395865661
0.0,0.0,4.735,29.0,1692395865731
0.0,0.0,4.724,29.0,1692395865803
0.0,0.0,4.724,29.0,1692395865871
35.16297149658203,139.61463928222656,4.724,29.0,1692395865871
0.0,0.0,4.724,29.0,1692395865942
0.0,0.0,4.714,29.0,1692395866012
0.0,0.0,4.724,29.0,1692395866083
0.0,0.0,4.735,29.0,1692395866151
0.0,0.0,4.735,29.0,1692395866221
0.0,0.0,4.735,29.0,1692395866290
0.0,0.0,4.724,29.0,1692395866363
0.0,0.0,4.724,29.0,1692395866430
0.0,0.0,4.745,29.0,1692395866505
0.0,0.0,4.745,29.0,1692395866584
0.0,0.0,4.756,29.0,1692395866655
0.0,0.0,4.766,29.0,1692395866714
0.0,0.0,4.766,29.0,1692395866782
0.0,0.0,4.787,29.0,1692395866864
0.0,0.0,4.776,29.0,1692395866952
35.16297912597656,139.6146240234375,4.776,29.0,1692395866952
0.0,0.0,4.756,29.0,1692395866990
0.0,0.0,4.756,29.0,1692395867063
0.0,0.0,4.766,29.0,1692395867133
0.0,0.0,4.776,29.0,1692395867199
0.0,0.0,4.787,29.0,1692395867269
0.0,0.0,4.797,29.0,1692395867341
0.0,0.0,4.797,29.0,1692395867412
0.0,0.0,4.797,29.0,1692395867478
0.0,0.0,4.797,29.0,1692395867554
0.0,0.0,4.808,29.0,1692395867626
0.0,0.0,4.797,29.0,1692395867693
0.0,0.0,4.808,29.0,1692395867762
0.0,0.0,4.818,29.0,1692395867831
0.0,0.0,4.828,29.0,1692395867903
35.16299057006836,139.6146240234375,4.828,29.0,1692395867903
0.0,0.0,4.797,29.0,1692395867990
0.0,0.0,4.797,29.0,1692395868070
0.0,0.0,4.797,29.0,1692395868109
0.0,0.0,4.797,29.0,1692395868179
0.0,0.0,4.808,29.0,1692395868251
0.0,0.0,4.787,29.0,1692395868320
0.0,0.0,4.787,29.0,1692395868390
0.0,0.0,4.766,29.0,1692395868479
0.0,0.0,4.766,29.0,1692395868529
0.0,0.0,4.756,29.0,1692395868601
0.0,0.0,4.766,29.0,1692395868673
0.0,0.0,4.766,29.0,1692395868751
0.0,0.0,4.787,29.0,1692395868829
0.0,0.0,4.776,29.0,1692395868882
35.16299819946289,139.61460876464844,4.776,29.0,1692395868882
0.0,0.0,4.787,29.0,1692395868949
0.0,0.0,4.787,29.0,1692395869020
0.0,0.0,4.787,29.0,1692395869091
0.0,0.0,4.797,29.0,1692395869159
0.0,0.0,4.797,29.0,1692395869232
0.0,0.0,4.808,29.0,1692395869301
0.0,0.0,4.808,29.0,1692395869373
0.0,0.0,4.818,29.0,1692395869443
0.0,0.0,4.828,29.0,1692395869512
0.0,0.0,4.849,29.0,1692395869581
0.0,0.0,4.849,29.0,1692395869655
0.0,0.0,4.87,29.0,1692395869722
0.0,0.0,4.87,29.0,1692395869791
0.0,0.0,4.88,29.0,1692395869863
35.16300964355469,139.61460876464844,4.88,29.0,1692395869863
0.0,0.0,4.88,29.0,1692395869932
0.0,0.0,4.88,29.0,1692395870001
0.0,0.0,4.891,29.0,1692395870070
0.0,0.0,4.901,29.0,1692395870141
0.0,0.0,4.912,29.0,1692395870209
0.0,0.0,4.922,29.0,1692395870282
0.0,0.0,4.912,29.0,1692395870392
0.0,0.0,4.901,29.0,1692395870423
0.0,0.0,4.901,29.0,1692395870515
0.0,0.0,4.901,29.0,1692395870561
0.0,0.0,4.901,29.0,1692395870645
0.0,0.0,4.891,29.0,1692395870700
0.0,0.0,4.901,29.0,1692395870809
0.0,0.0,4.912,29.0,1692395870843
0.0,0.0,4.901,29.0,1692395870940
35.163021087646484,139.61459350585938,4.901,29.0,1692395870940
0.0,0.0,4.891,29.0,1692395870996
0.0,0.0,4.901,29.0,1692395871121
0.0,0.0,4.891,29.0,1692395871124
0.0,0.0,4.901,29.0,1692395871213
0.0,0.0,4.922,29.0,1692395871262
0.0,0.0,4.922,29.0,1692395871332
0.0,0.0,4.922,29.0,1692395871418
0.0,0.0,4.943,29.0,1692395871472
0.0,0.0,4.964,29.0,1692395871540
0.0,0.0,4.964,29.0,1692395871654
0.0,0.0,4.964,29.0,1692395871681
0.0,0.0,4.953,29.0,1692395871764
0.0,0.0,4.953,29.0,1692395871866
0.0,0.0,4.974,29.0,1692395871892
35.16303253173828,139.61459350585938,4.974,29.0,1692395871892
0.0,0.0,4.974,29.0,1692395871961
0.0,0.0,4.974,29.0,1692395872029
0.0,0.0,4.964,29.0,1692395872100
0.0,0.0,4.964,29.0,1692395872170
0.0,0.0,4.964,29.0,1692395872239
0.0,0.0,4.964,29.0,1692395872315
0.0,0.0,4.953,29.0,1692395872386
0.0,0.0,4.943,29.0,1692395872455
0.0,0.0,4.943,29.0,1692395872520
0.0,0.0,4.943,29.0,1692395872592
0.0,0.0,4.943,29.0,1692395872665
0.0,0.0,4.943,29.0,1692395872732
0.0,0.0,4.932,29.0,1692395872803
0.0,0.0,4.943,29.0,1692395872871
35.16304397583008,139.6145782470703,4.943,29.0,1692395872871
0.0,0.0,4.953,29.0,1692395872941
0.0,0.0,4.964,29.0,1692395873012
0.0,0.0,4.974,29.0,1692395873080
0.0,0.0,4.984,29.0,1692395873152
0.0,0.0,4.984,29.0,1692395873230
0.0,0.0,4.995,29.0,1692395873291
0.0,0.0,5.005,29.0,1692395873363
0.0,0.0,5.026,29.0,1692395873433
0.0,0.0,5.026,29.0,1692395873501
0.0,0.0,5.016,29.0,1692395873569
0.0,0.0,5.016,29.0,1692395873640
0.0,0.0,5.005,29.0,1692395873713
0.0,0.0,5.005,29.0,1692395873818
0.0,0.0,4.995,29.0,1692395873851
0.0,0.0,4.995,29.0,1692395873921
35.16305160522461,139.6145782470703,4.995,29.0,1692395873921
0.0,0.0,5.005,29.0,1692395873990
0.0,0.0,5.005,29.0,1692395874062
0.0,0.0,5.016,29.0,1692395874131
0.0,0.0,5.005,29.0,1692395874203
0.0,0.0,5.005,29.0,1692395874271
0.0,0.0,5.005,29.0,1692395874352
0.0,0.0,5.016,29.0,1692395874411
0.0,0.0,5.005,29.0,1692395874485
0.0,0.0,5.016,29.0,1692395874575
0.0,0.0,5.016,29.0,1692395874653
0.0,0.0,5.026,29.0,1692395874695
0.0,0.0,5.036,29.0,1692395874764
0.0,0.0,5.047,29.0,1692395874832
0.0,0.0,5.047,29.0,1692395874899
35.16305923461914,139.61456298828125,5.047,29.0,1692395874899
0.0,0.0,5.036,29.0,1692395874972
0.0,0.0,5.047,29.0,1692395875044
0.0,0.0,5.047,29.0,1692395875111
0.0,0.0,5.057,29.0,1692395875180
0.0,0.0,5.057,29.0,1692395875249
0.0,0.0,5.057,29.0,1692395875354
0.0,0.0,5.057,29.0,1692395875393
0.0,0.0,5.068,29.0,1692395875461
0.0,0.0,5.078,29.0,1692395875532
0.0,0.0,5.068,29.0,1692395875602
0.0,0.0,5.078,29.0,1692395875675
0.0,0.0,5.089,29.0,1692395875744
0.0,0.0,5.109,29.0,1692395875813
0.0,0.0,5.109,29.0,1692395875886
35.16307067871094,139.6145477294922,5.109,29.0,1692395875886
0.0,0.0,5.099,29.0,1692395875950
0.0,0.0,5.109,29.0,1692395876026
0.0,0.0,5.109,29.0,1692395876091
0.0,0.0,5.12,29.0,1692395876161
0.0,0.0,5.109,29.0,1692395876231
0.0,0.0,5.109,29.0,1692395876301
0.0,0.0,5.099,29.0,1692395876371
0.0,0.0,5.109,29.0,1692395876445
0.0,0.0,5.099,29.0,1692395876514
0.0,0.0,5.089,29.0,1692395876582
0.0,0.0,5.089,29.0,1692395876654
0.0,0.0,5.089,29.0,1692395876726
0.0,0.0,5.099,29.0,1692395876793
0.0,0.0,5.089,29.0,1692395876863
35.1630744934082,139.6145477294922,5.089,29.0,1692395876863
0.0,0.0,5.078,29.0,1692395876931
0.0,0.0,5.068,29.0,1692395877000
0.0,0.0,5.078,29.0,1692395877072
0.0,0.0,5.078,29.0,1692395877144
0.0,0.0,5.068,29.0,1692395877210
0.0,0.0,5.057,29.0,1692395877280
0.0,0.0,5.078,29.0,1692395877357
0.0,0.0,5.089,29.0,1692395877424
0.0,0.0,5.099,29.0,1692395877498
0.0,0.0,5.099,29.0,1692395877579
0.0,0.0,5.089,29.0,1692395877632
0.0,0.0,5.109,29.0,1692395877704
0.0,0.0,5.13,29.0,1692395877773
0.0,0.0,5.13,29.0,1692395877845
0.0,0.0,5.141,29.0,1692395877915
35.163082122802734,139.61453247070312,5.141,29.0,1692395877915
0.0,0.0,5.141,29.0,1692395877983
0.0,0.0,5.151,29.0,1692395878052
0.0,0.0,5.161,29.0,1692395878122
0.0,0.0,5.151,29.0,1692395878192
0.0,0.0,5.151,29.0,1692395878289
0.0,0.0,5.151,29.0,1692395878336
0.0,0.0,5.141,29.0,1692395878407
0.0,0.0,5.141,29.0,1692395878527
0.0,0.0,5.141,29.0,1692395878547
0.0,0.0,5.109,29.0,1692395878614
0.0,0.0,5.12,29.0,1692395878684
0.0,0.0,5.12,29.0,1692395878755
0.0,0.0,5.099,29.0,1692395878825
0.0,0.0,5.12,29.0,1692395878895
35.163089752197266,139.61453247070312,5.12,29.0,1692395878895
0.0,0.0,5.13,29.0,1692395878967
0.0,0.0,5.13,29.0,1692395879047
0.0,0.0,5.12,29.0,1692395879117
0.0,0.0,5.12,29.0,1692395879171
0.0,0.0,5.13,29.0,1692395879243
0.0,0.0,5.12,29.0,1692395879312
0.0,0.0,5.12,29.0,1692395879384
0.0,0.0,5.109,29.0,1692395879457
0.0,0.0,5.109,29.0,1692395879524
0.0,0.0,5.12,29.0,1692395879593
0.0,0.0,5.12,29.0,1692395879664
0.0,0.0,5.099,29.0,1692395879739
0.0,0.0,5.089,29.0,1692395879819
0.0,0.0,5.078,29.0,1692395879943
35.1630973815918,139.61451721191406,5.078,29.0,1692395879943
0.0,0.0,5.068,29.0,1692395880011
0.0,0.0,5.068,29.0,1692395880084
0.0,0.0,5.068,29.0,1692395880152
0.0,0.0,5.057,29.0,1692395880221
0.0,0.0,5.068,29.0,1692395880292
0.0,0.0,5.099,29.0,1692395880374
0.0,0.0,5.089,29.0,1692395880452
0.0,0.0,5.089,29.0,1692395880534
0.0,0.0,5.109,29.0,1692395880574
0.0,0.0,5.13,29.0,1692395880643
0.0,0.0,5.151,29.0,1692395880715
0.0,0.0,5.161,29.0,1692395880786
0.0,0.0,5.161,29.0,1692395880854
0.0,0.0,5.151,29.0,1692395880923
35.16310501098633,139.61451721191406,5.151,29.0,1692395880923
0.0,0.0,5.172,29.0,1692395880992
0.0,0.0,5.161,29.0,1692395881068
0.0,0.0,5.172,29.0,1692395881132
0.0,0.0,5.151,29.0,1692395881202
0.0,0.0,5.172,29.0,1692395881271
0.0,0.0,5.172,29.0,1692395881341
0.0,0.0,5.172,29.0,1692395881413
0.0,0.0,5.172,29.0,1692395881486
0.0,0.0,5.172,29.0,1692395881556
0.0,0.0,5.172,29.0,1692395881623
0.0,0.0,5.182,29.0,1692395881696
0.0,0.0,5.203,29.0,1692395881765
0.0,0.0,5.193,29.0,1692395881840
0.0,0.0,5.193,29.0,1692395881921
35.16311264038086,139.614501953125,5.193,29.0,1692395881921
0.0,0.0,5.193,29.0,1692395881973
0.0,0.0,5.193,29.0,1692395882047
0.0,0.0,5.182,29.0,1692395882112
0.0,0.0,5.161,29.0,1692395882181
0.0,0.0,5.151,29.0,1692395882251
0.0,0.0,5.141,29.0,1692395882347
0.0,0.0,5.151,29.0,1692395882395
0.0,0.0,5.151,29.0,1692395882461
0.0,0.0,5.161,29.0,1692395882535
0.0,0.0,5.161,29.0,1692395882604
0.0,0.0,5.172,29.0,1692395882676
0.0,0.0,5.182,29.0,1692395882746
0.0,0.0,5.172,29.0,1692395882816
0.0,0.0,5.182,29.0,1692395882884
35.163124084472656,139.614501953125,5.182,29.0,1692395882884
0.0,0.0,5.193,29.0,1692395882951
0.0,0.0,5.203,29.0,1692395883021
0.0,0.0,5.224,29.0,1692395883093
0.0,0.0,5.234,29.0,1692395883162
0.0,0.0,5.234,29.0,1692395883232
0.0,0.0,5.213,29.0,1692395883304
0.0,0.0,5.193,29.0,1692395883385
0.0,0.0,5.193,29.0,1692395883463
0.0,0.0,5.182,29.0,1692395883513
0.0,0.0,5.182,29.0,1692395883584
0.0,0.0,5.172,29.0,1692395883653
0.0,0.0,5.151,29.0,1692395883725
0.0,0.0,5.151,29.0,1692395883797
0.0,0.0,5.151,29.0,1692395883865
35.16313171386719,139.61448669433594,5.151,29.0,1692395883865
0.0,0.0,5.141,29.0,1692395883932
0.0,0.0,5.13,29.0,1692395884003
0.0,0.0,5.109,29.0,1692395884094
0.0,0.0,5.141,29.0,1692395884175
0.0,0.0,5.151,29.0,1692395884215
0.0,0.0,5.161,29.0,1692395884282
0.0,0.0,5.151,29.0,1692395884352
0.0,0.0,5.141,29.0,1692395884463
0.0,0.0,5.151,29.0,1692395884496
0.0,0.0,5.161,29.0,1692395884565
0.0,0.0,5.172,29.0,1692395884635
0.0,0.0,5.182,29.0,1692395884705
0.0,0.0,5.213,29.0,1692395884775
0.0,0.0,5.224,29.0,1692395884844
0.0,0.0,5.213,29.0,1692395884930
35.16313934326172,139.61447143554688,5.213,29.0,1692395884930
0.0,0.0,5.213,29.0,1692395884983
0.0,0.0,5.213,29.0,1692395885056
0.0,0.0,5.224,29.0,1692395885125
0.0,0.0,5.234,29.0,1692395885195
0.0,0.0,5.245,29.0,1692395885262
0.0,0.0,5.265,29.0,1692395885337
0.0,0.0,5.276,29.0,1692395885401
0.0,0.0,5.286,29.0,1692395885475
0.0,0.0,5.276,29.0,1692395885577
0.0,0.0,5.255,29.0,1692395885614
0.0,0.0,5.276,29.0,1692395885683
0.0,0.0,5.276,29.0,1692395885755
0.0,0.0,5.276,29.0,1692395885827
0.0,0.0,5.286,29.0,1692395885895
35.163150787353516,139.61447143554688,5.286,29.0,1692395885895
0.0,0.0,5.297,29.0,1692395885962
0.0,0.0,5.307,29.0,1692395886035
0.0,0.0,5.297,29.0,1692395886105
0.0,0.0,5.307,29.0,1692395886177
0.0,0.0,5.297,29.0,1692395886243
0.0,0.0,5.297,29.0,1692395886324
0.0,0.0,5.307,29.0,1692395886407
0.0,0.0,5.317,29.0,1692395886452
0.0,0.0,5.317,29.0,1692395886526
0.0,0.0,5.317,29.0,1692395886596
0.0,0.0,5.317,29.0,1692395886667
0.0,0.0,5.328,29.0,1692395886733
0.0,0.0,5.317,29.0,1692395886808
0.0,0.0,5.328,29.0,1692395886879
35.16315841674805,139.6144561767578,5.328,29.0,1692395886879
0.0,0.0,5.317,29.0,1692395886956
0.0,0.0,5.317,29.0,1692395887037
0.0,0.0,5.307,29.0,1692395887088
0.0,0.0,5.307,29.0,1692395887154
0.0,0.0,5.307,29.0,1692395887222
0.0,0.0,5.297,29.0,1692395887292
0.0,0.0,5.286,29.0,1692395887364
0.0,0.0,5.307,29.0,1692395887435
0.0,0.0,5.307,29.0,1692395887506
0.0,0.0,5.297,29.0,1692395887574
0.0,0.0,5.297,29.0,1692395887645
0.0,0.0,5.276,29.0,1692395887739
0.0,0.0,5.265,29.0,1692395887819
0.0,0.0,5.286,29.0,1692395887856
0.0,0.0,5.307,29.0,1692395887924
35.16316604614258,139.61444091796875,5.307,29.0,1692395887924
0.0,0.0,5.328,29.0,1692395887994
0.0,0.0,5.307,29.0,1692395888065
0.0,0.0,5.317,29.0,1692395888134
0.0,0.0,5.307,29.0,1692395888204
0.0,0.0,5.307,29.0,1692395888272
0.0,0.0,5.307,29.0,1692395888354
0.0,0.0,5.307,29.0,1692395888416
0.0,0.0,5.307,29.0,1692395888485
0.0,0.0,5.328,29.0,1692395888552
0.0,0.0,5.328,29.0,1692395888625
0.0,0.0,5.328,29.0,1692395888700
0.0,0.0,5.307,29.0,1692395888769
0.0,0.0,5.317,29.0,1692395888838
0.0,0.0,5.328,29.0,1692395888941
35.16317367553711,139.6144256591797,5.328,29.0,1692395888941
0.0,0.0,5.338,29.0,1692395888977
0.0,0.0,5.328,29.0,1692395889044
0.0,0.0,5.338,29.0,1692395889127
0.0,0.0,5.359,29.0,1692395889206
0.0,0.0,5.359,29.0,1692395889254
0.0,0.0,5.359,29.0,1692395889323
0.0,0.0,5.338,29.0,1692395889399
0.0,0.0,5.328,29.0,1692395889465
0.0,0.0,5.328,29.0,1692395889538
0.0,0.0,5.317,29.0,1692395889607
0.0,0.0,5.317,29.0,1692395889674
0.0,0.0,5.297,29.0,1692395889745
0.0,0.0,5.317,29.0,1692395889815
0.0,0.0,5.307,29.0,1692395889896
35.16318130493164,139.6144256591797,5.307,29.0,1692395889896
0.0,0.0,5.307,29.0,1692395889973
0.0,0.0,5.297,29.0,1692395890026
0.0,0.0,5.286,29.0,1692395890097
0.0,0.0,5.286,29.0,1692395890166
0.0,0.0,5.297,29.0,1692395890234
0.0,0.0,5.297,29.0,1692395890304
0.0,0.0,5.297,29.0,1692395890375
0.0,0.0,5.297,29.0,1692395890444
0.0,0.0,5.286,29.0,1692395890512
0.0,0.0,5.276,29.0,1692395890586
0.0,0.0,5.265,29.0,1692395890655
0.0,0.0,5.255,29.0,1692395890730
0.0,0.0,5.255,29.0,1692395890802
0.0,0.0,5.255,29.0,1692395890871
35.16318893432617,139.61441040039062,5.255,29.0,1692395890871
0.0,0.0,5.255,29.0,1692395890935
0.0,0.0,5.255,29.0,1692395891007
0.0,0.0,5.245,29.0,1692395891074
0.0,0.0,5.234,29.0,1692395891181
0.0,0.0,5.224,29.0,1692395891213
0.0,0.0,5.245,29.0,1692395891361
0.0,0.0,5.255,29.0,1692395891389
0.0,0.0,5.255,29.0,1692395891484
0.0,0.0,5.255,29.0,1692395891500
0.0,0.0,5.245,29.0,1692395891598
0.0,0.0,5.265,29.0,1692395891639
0.0,0.0,5.255,29.0,1692395891716
0.0,0.0,5.255,29.0,1692395891814
0.0,0.0,5.265,29.0,1692395891848
0.0,0.0,5.265,29.0,1692395891941
35.16319274902344,139.61441040039062,5.265,29.0,1692395891941
0.0,0.0,5.265,29.0,1692395892029
0.0,0.0,5.265,29.0,1692395892065
0.0,0.0,5.255,29.0,1692395892177
0.0,0.0,5.245,29.0,1692395892196
0.0,0.0,5.224,29.0,1692395892318
0.0,0.0,5.224,29.0,1692395892337
0.0,0.0,5.213,29.0,1692395892425
0.0,0.0,5.213,29.0,1692395892524
0.0,0.0,5.213,29.0,1692395892549
0.0,0.0,5.213,29.0,1692395892650
0.0,0.0,5.203,29.0,1692395892685
0.0,0.0,5.203,29.0,1692395892758
0.0,0.0,5.213,29.0,1692395892838
0.0,0.0,5.203,29.0,1692395892921
0.0,0.0,5.203,29.0,1692395892966
0.0,0.0,5.213,29.0,1692395893040
0.0,0.0,5.234,29.0,1692395893105
0.0,0.0,5.245,29.0,1692395893177
0.0,0.0,5.265,29.0,1692395893247
0.0,0.0,5.265,29.0,1692395893319
0.0,0.0,5.265,29.0,1692395893387
0.0,0.0,5.286,29.0,1692395893462
0.0,0.0,5.297,29.0,1692395893534
0.0,0.0,5.307,29.0,1692395893613
0.0,0.0,5.307,29.0,1692395893741
0.0,0.0,5.328,29.0,1692395893811
0.0,0.0,5.338,29.0,1692395893879
35.163204193115234,139.61439514160156,5.338,29.0,1692395893879
0.0,0.0,5.338,29.0,1692395893949
0.0,0.0,5.338,29.0,1692395894017
0.0,0.0,5.328,29.0,1692395894087
0.0,0.0,5.317,29.0,1692395894161
0.0,0.0,5.307,29.0,1692395894225
0.0,0.0,5.307,29.0,1692395894296
0.0,0.0,5.297,29.0,1692395894371
0.0,0.0,5.297,29.0,1692395894436
0.0,0.0,5.297,29.0,1692395894509
0.0,0.0,5.307,29.0,1692395894577
0.0,0.0,5.328,29.0,1692395894648
0.0,0.0,5.307,29.0,1692395894719
0.0,0.0,5.297,29.0,1692395894789
0.0,0.0,5.297,29.0,1692395894863
0.0,0.0,5.297,29.0,1692395894942
35.163211822509766,139.6143798828125,5.297,29.0,1692395894942
0.0,0.0,5.307,29.0,1692395894995
0.0,0.0,5.328,29.0,1692395895069
0.0,0.0,5.328,29.0,1692395895138
0.0,0.0,5.37,29.0,1692395895208
0.0,0.0,5.37,29.0,1692395895278
0.0,0.0,5.38,29.0,1692395895347
0.0,0.0,5.37,29.0,1692395895424
0.0,0.0,5.37,29.0,1692395895488
0.0,0.0,5.37,29.0,1692395895560
0.0,0.0,5.38,29.0,1692395895629
0.0,0.0,5.39,29.0,1692395895703
0.0,0.0,5.38,29.0,1692395895779
0.0,0.0,5.38,29.0,1692395895913
35.1632194519043,139.61436462402344,5.38,29.0,1692395895913
0.0,0.0,5.37,29.0,1692395895977
0.0,0.0,5.359,29.0,1692395896050
0.0,0.0,5.328,29.0,1692395896117
0.0,0.0,5.328,29.0,1692395896186
0.0,0.0,5.328,29.0,1692395896258
0.0,0.0,5.328,29.0,1692395896330
0.0,0.0,5.317,29.0,1692395896395
0.0,0.0,5.328,29.0,1692395896479
0.0,0.0,5.317,29.0,1692395896558
0.0,0.0,5.307,29.0,1692395896608
0.0,0.0,5.297,29.0,1692395896678
0.0,0.0,5.307,29.0,1692395896748
0.0,0.0,5.317,29.0,1692395896822
0.0,0.0,5.317,29.0,1692395896890
35.16322326660156,139.61436462402344,5.317,29.0,1692395896890
0.0,0.0,5.317,29.0,1692395896956
0.0,0.0,5.317,29.0,1692395897032
0.0,0.0,5.307,29.0,1692395897097
0.0,0.0,5.317,29.0,1692395897172
0.0,0.0,5.349,29.0,1692395897236
0.0,0.0,5.328,29.0,1692395897310
0.0,0.0,5.328,29.0,1692395897377
0.0,0.0,5.338,29.0,1692395897449
0.0,0.0,5.328,29.0,1692395897521
0.0,0.0,5.317,29.0,1692395897589
0.0,0.0,5.317,29.0,1692395897658
0.0,0.0,5.307,29.0,1692395897728
0.0,0.0,5.328,29.0,1692395897802
0.0,0.0,5.317,29.0,1692395897896
35.163230895996094,139.61434936523438,5.317,29.0,1692395897896
0.0,0.0,5.328,29.0,1692395897953
0.0,0.0,5.317,29.0,1692395898007
0.0,0.0,5.286,29.0,1692395898078
0.0,0.0,5.286,29.0,1692395898182
0.0,0.0,5.307,29.0,1692395898215
0.0,0.0,5.297,29.0,1692395898286
0.0,0.0,5.286,29.0,1692395898358
0.0,0.0,5.286,29.0,1692395898429
0.0,0.0,5.276,29.0,1692395898500
0.0,0.0,5.286,29.0,1692395898565
0.0,0.0,5.286,29.0,1692395898670
0.0,0.0,5.286,29.0,1692395898708
0.0,0.0,5.276,29.0,1692395898779
0.0,0.0,5.276,29.0,1692395898848
0.0,0.0,5.286,29.0,1692395898922
35.16323471069336,139.6143341064453,5.286,29.0,1692395898922
0.0,0.0,5.307,29.0,1692395898990
0.0,0.0,5.297,29.0,1692395899057
0.0,0.0,5.286,29.0,1692395899126
0.0,0.0,5.286,29.0,1692395899196
0.0,0.0,5.286,29.0,1692395899267
0.0,0.0,5.286,29.0,1692395899338
0.0,0.0,5.276,29.0,1692395899408
0.0,0.0,5.265,29.0,1692395899490
0.0,0.0,5.255,29.0,1692395899560
0.0,0.0,5.265,29.0,1692395899618
0.0,0.0,5.276,29.0,1692395899688
0.0,0.0,5.276,29.0,1692395899760
0.0,0.0,5.265,29.0,1692395899828
0.0,0.0,5.276,29.0,1692395899898
35.16324234008789,139.61431884765625,5.276,29.0,1692395899898
0.0,0.0,5.297,29.0,1692395899966
0.0,0.0,5.297,29.0,1692395900038
0.0,0.0,5.307,29.0,1692395900128
0.0,0.0,5.307,29.0,1692395900208
0.0,0.0,5.328,29.0,1692395900251
0.0,0.0,5.338,29.0,1692395900318
0.0,0.0,5.359,29.0,1692395900387
0.0,0.0,5.349,29.0,1692395900457
0.0,0.0,5.349,29.0,1692395900533
0.0,0.0,5.359,29.0,1692395900600
0.0,0.0,5.349,29.0,1692395900672
0.0,0.0,5.349,29.0,1692395900740
0.0,0.0,5.328,29.0,1692395900810
0.0,0.0,5.317,29.0,1692395900880
35.16324996948242,139.6143035888672,5.317,29.0,1692395900880
0.0,0.0,5.328,29.0,1692395900949
0.0,0.0,5.328,29.0,1692395901020
0.0,0.0,5.317,29.0,1692395901096
0.0,0.0,5.317,29.0,1692395901157
0.0,0.0,5.307,29.0,1692395901228
0.0,0.0,5.307,29.0,1692395901306
0.0,0.0,5.317,29.0,1692395901366
0.0,0.0,5.307,29.0,1692395901437
0.0,0.0,5.317,29.0,1692395901511
0.0,0.0,5.328,29.0,1692395901582
0.0,0.0,5.338,29.0,1692395901652
0.0,0.0,5.338,29.0,1692395901722
0.0,0.0,5.338,29.0,1692395901790
0.0,0.0,5.328,29.0,1692395901861
0.0,0.0,5.349,29.0,1692395901931
35.16325378417969,139.6143035888672,5.349,29.0,1692395901931
0.0,0.0,5.349,29.0,1692395901999
0.0,0.0,5.349,29.0,1692395902071
0.0,0.0,5.349,29.0,1692395902138
0.0,0.0,5.349,29.0,1692395902208
0.0,0.0,5.338,29.0,1692395902288
0.0,0.0,5.349,29.0,1692395902369
0.0,0.0,5.359,29.0,1692395902419
0.0,0.0,5.338,29.0,1692395902493
0.0,0.0,5.338,29.0,1692395902563
0.0,0.0,5.328,29.0,1692395902630
0.0,0.0,5.338,29.0,1692395902746
0.0,0.0,5.338,29.0,1692395902771
0.0,0.0,5.328,29.0,1692395902844
0.0,0.0,5.328,29.0,1692395902912
35.16326141357422,139.61428833007812,5.328,29.0,1692395902912
0.0,0.0,5.317,29.0,1692395902996
0.0,0.0,5.328,29.0,1692395903075
0.0,0.0,5.359,29.0,1692395903119
0.0,0.0,5.338,29.0,1692395903190
0.0,0.0,5.307,29.0,1692395903258
0.0,0.0,5.297,29.0,1692395903330
0.0,0.0,5.297,29.2,1692395903397
0.0,0.0,5.297,29.2,1692395903470
0.0,0.0,5.297,29.2,1692395903541
0.0,0.0,5.297,29.2,1692395903610
0.0,0.0,5.286,29.2,1692395903677
0.0,0.0,5.265,29.2,1692395903749
0.0,0.0,5.286,29.2,1692395903822
0.0,0.0,5.297,29.2,1692395903893
35.163265228271484,139.61427307128906,5.297,29.2,1692395903893
0.0,0.0,5.265,29.2,1692395903960
0.0,0.0,5.276,29.2,1692395904028
0.0,0.0,5.317,29.2,1692395904100
0.0,0.0,5.328,29.2,1692395904173
0.0,0.0,5.328,29.2,1692395904241
0.0,0.0,5.349,29.2,1692395904309
0.0,0.0,5.359,29.2,1692395904422
0.0,0.0,5.359,29.2,1692395904448
0.0,0.0,5.39,29.2,1692395904521
0.0,0.0,5.401,29.2,1692395904590
0.0,0.0,5.401,29.2,1692395904658
0.0,0.0,5.38,29.2,1692395904731
0.0,0.0,5.39,29.2,1692395904799
0.0,0.0,5.39,29.2,1692395904871
35.163272857666016,139.6142578125,5.39,29.2,1692395904871
0.0,0.0,5.38,29.2,1692395904942
0.0,0.0,5.37,29.2,1692395905014
0.0,0.0,5.359,29.2,1692395905087
0.0,0.0,5.338,29.2,1692395905150
0.0,0.0,5.317,29.2,1692395905226
0.0,0.0,5.307,29.2,1692395905305
0.0,0.0,5.307,29.2,1692395905362
0.0,0.0,5.297,29.2,1692395905430
0.0,0.0,5.286,29.2,1692395905500
0.0,0.0,5.297,29.2,1692395905572
0.0,0.0,5.307,29.2,1692395905641
0.0,0.0,5.307,29.2,1692395905712
0.0,0.0,5.317,29.2,1692395905781
0.0,0.0,5.317,29.2,1692395905850
0.0,0.0,5.307,29.2,1692395905936
35.16327667236328,139.61424255371094,5.307,29.2,1692395905936
0.0,0.0,5.317,29.2,1692395906015
0.0,0.0,5.328,29.2,1692395906061
0.0,0.0,5.349,29.2,1692395906129
0.0,0.0,5.349,29.2,1692395906201
0.0,0.0,5.349,29.2,1692395906276
0.0,0.0,5.349,29.2,1692395906346
0.0,0.0,5.349,29.0,1692395906412
0.0,0.0,5.349,29.0,1692395906484
0.0,0.0,5.338,29.0,1692395906553
0.0,0.0,5.338,29.0,1692395906625
0.0,0.0,5.349,29.0,1692395906697
0.0,0.0,5.37,29.0,1692395906764
0.0,0.0,5.37,29.0,1692395906835
0.0,0.0,5.37,29.0,1692395906903
35.16328048706055,139.61422729492188,5.37,29.0,1692395906903
0.0,0.0,5.359,29.0,1692395906972
0.0,0.0,5.38,29.0,1692395907042
0.0,0.0,5.39,29.0,1692395907111
0.0,0.0,5.38,29.0,1692395907180
0.0,0.0,5.39,29.0,1692395907251
0.0,0.0,5.39,29.0,1692395907344
0.0,0.0,5.401,29.0,1692395907392
0.0,0.0,5.37,29.0,1692395907463
0.0,0.0,5.359,29.0,1692395907532
0.0,0.0,5.349,29.0,1692395907603
0.0,0.0,5.349,29.0,1692395907674
0.0,0.0,5.338,29.0,1692395907742
0.0,0.0,5.328,29.0,1692395907813
0.0,0.0,5.297,29.0,1692395907886
35.16328811645508,139.6142120361328,5.297,29.0,1692395907886
0.0,0.0,5.297,29.0,1692395907952
0.0,0.0,5.286,29.0,1692395908021
0.0,0.0,5.276,29.0,1692395908089
0.0,0.0,5.297,29.0,1692395908161
0.0,0.0,5.297,29.0,1692395908230
0.0,0.0,5.317,29.0,1692395908301
0.0,0.0,5.328,29.0,1692395908370
0.0,0.0,5.328,29.0,1692395908442
0.0,0.0,5.328,29.0,1692395908513
0.0,0.0,5.328,29.0,1692395908585
0.0,0.0,5.338,29.0,1692395908653
0.0,0.0,5.359,29.0,1692395908724
0.0,0.0,5.37,29.0,1692395908793
0.0,0.0,5.411,29.0,1692395908865
0.0,0.0,5.411,29.0,1692395908937
35.16329574584961,139.61419677734375,5.411,29.0,1692395908937
0.0,0.0,5.39,29.0,1692395909000
0.0,0.0,5.38,29.0,1692395909073
0.0,0.0,5.359,29.0,1692395909141
0.0,0.0,5.349,29.0,1692395909212
0.0,0.0,5.359,29.0,1692395909281
0.0,0.0,5.359,29.0,1692395909350
0.0,0.0,5.37,29.0,1692395909423
0.0,0.0,5.349,29.0,1692395909496
0.0,0.0,5.349,29.0,1692395909595
0.0,0.0,5.338,29.0,1692395909637
0.0,0.0,5.307,29.0,1692395909703
0.0,0.0,5.317,29.0,1692395909772
0.0,0.0,5.338,29.0,1692395909847
0.0,0.0,5.338,29.0,1692395909913
35.163299560546875,139.6141815185547,5.338,29.0,1692395909913
0.0,0.0,5.359,29.0,1692395909981
0.0,0.0,5.359,29.0,1692395910055
0.0,0.0,5.359,29.0,1692395910128
0.0,0.0,5.39,29.0,1692395910194
0.0,0.0,5.411,29.0,1692395910267
0.0,0.0,5.411,29.0,1692395910337
0.0,0.0,5.411,29.0,1692395910402
0.0,0.0,5.432,29.0,1692395910473
0.0,0.0,5.453,29.0,1692395910548
0.0,0.0,5.453,29.0,1692395910613
0.0,0.0,5.442,29.0,1692395910683
0.0,0.0,5.442,29.0,1692395910755
0.0,0.0,5.442,29.0,1692395910825
0.0,0.0,5.453,29.0,1692395910895
35.163307189941406,139.61416625976562,5.453,29.0,1692395910895
0.0,0.0,5.442,29.0,1692395910962
0.0,0.0,5.422,29.0,1692395911066
0.0,0.0,5.401,29.0,1692395911104
0.0,0.0,5.401,29.0,1692395911175
0.0,0.0,5.39,29.0,1692395911242
0.0,0.0,5.359,29.0,1692395911312
0.0,0.0,5.328,29.0,1692395911383
0.0,0.0,5.317,29.0,1692395911454
0.0,0.0,5.307,29.0,1692395911527
0.0,0.0,5.317,29.0,1692395911596
0.0,0.0,5.307,29.0,1692395911663
0.0,0.0,5.297,29.0,1692395911733
0.0,0.0,5.297,29.0,1692395911805
0.0,0.0,5.297,29.0,1692395911876
35.16331481933594,139.61415100097656,5.297,29.0,1692395911876
0.0,0.0,5.307,29.0,1692395911944
0.0,0.0,5.307,29.0,1692395912014
0.0,0.0,5.317,29.0,1692395912082
0.0,0.0,5.338,29.0,1692395912152
0.0,0.0,5.338,29.0,1692395912227
0.0,0.0,5.338,29.0,1692395912292
0.0,0.0,5.338,29.0,1692395912362
0.0,0.0,5.338,29.0,1692395912431
0.0,0.0,5.359,29.0,1692395912504
0.0,0.0,5.37,29.0,1692395912576
0.0,0.0,5.38,29.0,1692395912648
0.0,0.0,5.38,29.0,1692395912713
0.0,0.0,5.38,29.0,1692395912784
0.0,0.0,5.37,29.0,1692395912861
0.0,0.0,5.37,29.0,1692395912932
35.1633186340332,139.6141357421875,5.37,29.0,1692395912932
0.0,0.0,5.359,29.0,1692395912992
0.0,0.0,5.349,29.0,1692395913069
0.0,0.0,5.349,29.0,1692395913133
0.0,0.0,5.349,29.0,1692395913201
0.0,0.0,5.349,29.0,1692395913276
0.0,0.0,5.37,29.0,1692395913374
0.0,0.0,5.359,29.0,1692395913416
0.0,0.0,5.349,29.0,1692395913486
0.0,0.0,5.37,29.0,1692395913552
0.0,0.0,5.359,29.0,1692395913625
0.0,0.0,5.37,29.0,1692395913693
0.0,0.0,5.37,29.0,1692395913764
0.0,0.0,5.39,29.0,1692395913834
0.0,0.0,5.401,29.0,1692395913902
35.16332244873047,139.6141357421875,5.401,29.0,1692395913902
0.0,0.0,5.411,29.0,1692395913990
0.0,0.0,5.411,29.0,1692395914070
0.0,0.0,5.422,29.0,1692395914114
0.0,0.0,5.401,29.0,1692395914185
0.0,0.0,5.422,29.0,1692395914253
0.0,0.0,5.432,29.0,1692395914323
0.0,0.0,5.411,29.0,1692395914403
0.0,0.0,5.422,29.0,1692395914464
0.0,0.0,5.422,29.0,1692395914538
0.0,0.0,5.422,29.0,1692395914606
0.0,0.0,5.422,29.0,1692395914691
0.0,0.0,5.411,29.0,1692395914772
0.0,0.0,5.39,29.0,1692395914814
0.0,0.0,5.39,29.0,1692395914890
35.163326263427734,139.61412048339844,5.39,29.0,1692395914890
0.0,0.0,5.39,29.0,1692395914952
0.0,0.0,5.39,29.0,1692395915028
0.0,0.0,5.39,29.0,1692395915093
0.0,0.0,5.39,29.0,1692395915165
0.0,0.0,5.401,29.0,1692395915235
0.0,0.0,5.39,29.0,1692395915306
0.0,0.0,5.401,29.0,1692395915372
0.0,0.0,5.411,29.0,1692395915442
0.0,0.0,5.411,29.0,1692395915518
0.0,0.0,5.39,29.0,1692395915587
0.0,0.0,5.401,29.0,1692395915658
0.0,0.0,5.411,29.0,1692395915725
0.0,0.0,5.411,29.0,1692395915795
0.0,0.0,5.422,29.0,1692395915867
35.163330078125,139.61410522460938,5.422,29.0,1692395915867
0.0,0.0,5.442,29.0,1692395915935
0.0,0.0,5.453,29.0,1692395916004
0.0,0.0,5.463,29.0,1692395916076
0.0,0.0,5.474,29.0,1692395916148
0.0,0.0,5.474,29.0,1692395916224
0.0,0.0,5.463,29.0,1692395916305
0.0,0.0,5.463,29.0,1692395916369
0.0,0.0,5.474,29.0,1692395916424
0.0,0.0,5.484,29.0,1692395916494
0.0,0.0,5.484,29.0,1692395916563
0.0,0.0,5.474,29.0,1692395916703
0.0,0.0,5.474,29.0,1692395916710
0.0,0.0,5.453,29.0,1692395916776
0.0,0.0,5.442,29.0,1692395916845
0.0,0.0,5.422,29.0,1692395916938
35.16333770751953,139.6140899658203,5.422,29.0,1692395916938
0.0,0.0,5.422,29.0,1692395916989
0.0,0.0,5.411,29.0,1692395917055
0.0,0.0,5.401,29.0,1692395917123
0.0,0.0,5.39,29.0,1692395917194
0.0,0.0,5.38,29.0,1692395917266
0.0,0.0,5.37,29.0,1692395917336
0.0,0.0,5.349,29.0,1692395917407
0.0,0.0,5.359,29.0,1692395917476
0.0,0.0,5.38,29.0,1692395917545
0.0,0.0,5.39,29.0,1692395917615
0.0,0.0,5.401,29.0,1692395917686
0.0,0.0,5.422,29.0,1692395917757
0.0,0.0,5.422,29.0,1692395917827
0.0,0.0,5.453,29.0,1692395917895
35.1633415222168,139.61407470703125,5.453,29.0,1692395917895
0.0,0.0,5.463,29.0,1692395917966
0.0,0.0,5.484,29.0,1692395918032
0.0,0.0,5.494,29.0,1692395918104
0.0,0.0,5.494,29.0,1692395918172
0.0,0.0,5.505,29.0,1692395918245
0.0,0.0,5.494,29.0,1692395918316
0.0,0.0,5.484,29.0,1692395918382
0.0,0.0,5.474,29.0,1692395918457
0.0,0.0,5.463,29.0,1692395918531
0.0,0.0,5.474,29.0,1692395918597
0.0,0.0,5.474,29.0,1692395918666
0.0,0.0,5.463,29.0,1692395918735
0.0,0.0,5.463,29.0,1692395918805
0.0,0.0,5.453,29.0,1692395918879
35.16334915161133,139.6140594482422,5.453,29.0,1692395918879
0.0,0.0,5.463,29.0,1692395918950
0.0,0.0,5.474,29.0,1692395919014
0.0,0.0,5.474,29.0,1692395919087
0.0,0.0,5.484,29.0,1692395919154
0.0,0.0,5.494,29.0,1692395919222
0.0,0.0,5.494,29.0,1692395919296
0.0,0.0,5.494,29.0,1692395919394
0.0,0.0,5.505,29.0,1692395919432
0.0,0.0,5.515,29.0,1692395919511
0.0,0.0,5.526,29.0,1692395919575
0.0,0.0,5.526,29.0,1692395919648
0.0,0.0,5.515,29.0,1692395919782
0.0,0.0,5.494,29.0,1692395919799
0.0,0.0,5.484,29.0,1692395919875
0.0,0.0,5.484,29.0,1692395919928
35.16335678100586,139.6140594482422,5.484,29.0,1692395919928
0.0,0.0,5.484,29.0,1692395919993
0.0,0.0,5.474,29.0,1692395920064
0.0,0.0,5.453,29.0,1692395920134
0.0,0.0,5.474,29.0,1692395920205
0.0,0.0,5.463,29.0,1692395920275
0.0,0.0,5.463,29.0,1692395920351
0.0,0.0,5.474,29.0,1692395920415
0.0,0.0,5.484,29.0,1692395920486
0.0,0.0,5.494,29.0,1692395920556
0.0,0.0,5.505,29.0,1692395920629
0.0,0.0,5.526,29.0,1692395920697
0.0,0.0,5.526,29.0,1692395920765
0.0,0.0,5.536,29.0,1692395920837
0.0,0.0,5.546,29.0,1692395920906
35.16336441040039,139.61404418945312,5.546,29.0,1692395920906
0.0,0.0,5.557,29.0,1692395920977
0.0,0.0,5.546,29.0,1692395921045
0.0,0.0,5.557,29.0,1692395921114
0.0,0.0,5.567,29.0,1692395921182
0.0,0.0,5.578,29.0,1692395921287
0.0,0.0,5.588,29.0,1692395921327
0.0,0.0,5.588,29.0,1692395921394
0.0,0.0,5.598,29.0,1692395921466
0.0,0.0,5.588,29.0,1692395921535
0.0,0.0,5.578,29.0,1692395921605
0.0,0.0,5.588,29.0,1692395921677
0.0,0.0,5.578,29.0,1692395921751
0.0,0.0,5.567,29.0,1692395921816
0.0,0.0,5.588,29.0,1692395921888
35.16337203979492,139.61402893066406,5.588,29.0,1692395921888
0.0,0.0,5.588,29.0,1692395921985
0.0,0.0,5.588,29.0,1692395922027
0.0,0.0,5.567,29.0,1692395922094
0.0,0.0,5.578,29.0,1692395922163
0.0,0.0,5.578,29.0,1692395922233
0.0,0.0,5.567,29.0,1692395922302
0.0,0.0,5.598,29.0,1692395922375
0.0,0.0,5.619,29.0,1692395922445
0.0,0.0,5.619,29.0,1692395922518
0.0,0.0,5.64,29.0,1692395922585
0.0,0.0,5.64,29.0,1692395922656
0.0,0.0,5.661,29.0,1692395922729
0.0,0.0,5.682,29.0,1692395922796
0.0,0.0,5.692,29.0,1692395922874
35.16337585449219,139.614013671875,5.692,29.0,1692395922874
0.0,0.0,5.703,29.0,1692395922945
0.0,0.0,5.713,29.0,1692395923007
0.0,0.0,5.692,29.0,1692395923075
0.0,0.0,5.682,29.0,1692395923143
0.0,0.0,5.651,29.0,1692395923220
0.0,0.0,5.63,29.0,1692395923289
0.0,0.0,5.63,29.0,1692395923356
0.0,0.0,5.609,29.0,1692395923425
0.0,0.0,5.609,29.0,1692395923499
0.0,0.0,5.578,29.0,1692395923578
0.0,0.0,5.557,29.0,1692395923653
0.0,0.0,5.546,29.0,1692395923708
0.0,0.0,5.536,29.0,1692395923777
0.0,0.0,5.515,29.0,1692395923850
0.0,0.0,5.526,29.0,1692395923917
35.16338348388672,139.61399841308594,5.526,29.0,1692395923917
0.0,0.0,5.536,29.0,1692395923989
0.0,0.0,5.546,29.0,1692395924054
0.0,0.0,5.546,29.0,1692395924125
0.0,0.0,5.546,29.0,1692395924197
0.0,0.0,5.567,29.0,1692395924266
0.0,0.0,5.567,29.0,1692395924393
0.0,0.0,5.588,29.0,1692395924407
0.0,0.0,5.63,29.0,1692395924492
0.0,0.0,5.64,29.0,1692395924590
0.0,0.0,5.661,29.0,1692395924618
0.0,0.0,5.671,29.0,1692395924707
0.0,0.0,5.671,29.0,1692395924758
0.0,0.0,5.671,29.0,1692395924872
0.0,0.0,5.661,29.0,1692395924904
35.163387298583984,139.61398315429688,5.661,29.0,1692395924904
0.0,0.0,5.651,29.0,1692395925019
0.0,0.0,5.619,29.0,1692395925036
0.0,0.0,5.609,29.0,1692395925105
0.0,0.0,5.619,29.0,1692395925176
0.0,0.0,5.609,29.0,1692395925279
0.0,0.0,5.588,29.0,1692395925321
0.0,0.0,5.567,29.0,1692395925423
0.0,0.0,5.567,29.0,1692395925498
0.0,0.0,5.546,29.0,1692395925527
0.0,0.0,5.557,29.0,1692395925619
0.0,0.0,5.557,29.0,1692395925746
0.0,0.0,5.557,29.0,1692395925750
0.0,0.0,5.557,29.0,1692395925836
0.0,0.0,5.567,29.0,1692395925877
35.163394927978516,139.61398315429688,5.567,29.0,1692395925877
0.0,0.0,5.578,29.0,1692395925947
0.0,0.0,5.588,29.0,1692395926015
0.0,0.0,5.609,29.0,1692395926088
0.0,0.0,5.64,29.0,1692395926155
0.0,0.0,5.661,29.0,1692395926230
0.0,0.0,5.671,29.0,1692395926296
0.0,0.0,5.682,29.0,1692395926368
0.0,0.0,5.692,29.0,1692395926437
0.0,0.0,5.682,29.0,1692395926508
0.0,0.0,5.703,29.0,1692395926579
0.0,0.0,5.713,29.0,1692395926651
0.0,0.0,5.713,29.0,1692395926721
0.0,0.0,5.703,29.0,1692395926788
0.0,0.0,5.692,29.0,1692395926860
0.0,0.0,5.661,29.0,1692395926936
35.16339874267578,139.6139678955078,5.661,29.0,1692395926936
0.0,0.0,5.651,29.0,1692395926997
0.0,0.0,5.651,29.0,1692395927067
0.0,0.0,5.64,29.0,1692395927136
0.0,0.0,5.63,29.0,1692395927222
0.0,0.0,5.671,29.0,1692395927279
0.0,0.0,5.671,29.0,1692395927349
0.0,0.0,5.661,29.0,1692395927417
0.0,0.0,5.671,29.0,1692395927488
0.0,0.0,5.671,29.0,1692395927561
0.0,0.0,5.682,29.0,1692395927631
0.0,0.0,5.692,29.0,1692395927701
0.0,0.0,5.734,29.0,1692395927771
0.0,0.0,5.765,29.0,1692395927884
0.0,0.0,5.765,29.0,1692395927914
35.16340255737305,139.61395263671875,5.765,29.0,1692395927914
0.0,0.0,5.775,29.0,1692395927997
0.0,0.0,5.775,29.0,1692395928049
0.0,0.0,5.744,29.0,1692395928119
0.0,0.0,5.744,29.0,1692395928192
0.0,0.0,5.765,29.0,1692395928291
0.0,0.0,5.744,29.0,1692395928328
0.0,0.0,5.723,29.0,1692395928400
0.0,0.0,5.734,29.0,1692395928470
0.0,0.0,5.744,29.0,1692395928541
0.0,0.0,5.723,29.0,1692395928613
0.0,0.0,5.723,29.0,1692395928701
0.0,0.0,5.703,29.0,1692395928751
0.0,0.0,5.703,29.0,1692395928820
0.0,0.0,5.692,29.0,1692395928890
35.16340637207031,139.6139373779297,5.692,29.0,1692395928890
0.0,0.0,5.703,29.0,1692395928960
0.0,0.0,5.703,29.0,1692395929028
0.0,0.0,5.713,29.0,1692395929100
0.0,0.0,5.713,29.0,1692395929169
0.0,0.0,5.713,29.0,1692395929239
0.0,0.0,5.713,29.0,1692395929310
0.0,0.0,5.713,29.0,1692395929380
0.0,0.0,5.734,29.0,1692395929448
0.0,0.0,5.723,29.0,1692395929521
0.0,0.0,5.723,29.0,1692395929594
0.0,0.0,5.723,29.0,1692395929662
0.0,0.0,5.713,29.0,1692395929731
0.0,0.0,5.734,29.0,1692395929798
0.0,0.0,5.744,29.0,1692395929871
35.16341018676758,139.61392211914062,5.744,29.0,1692395929871
0.0,0.0,5.744,29.0,1692395929941
0.0,0.0,5.765,29.0,1692395930008
0.0,0.0,5.786,29.0,1692395930088
0.0,0.0,5.765,29.0,1692395930156
0.0,0.0,5.765,29.0,1692395930220
0.0,0.0,5.775,29.0,1692395930290
0.0,0.0,5.775,29.0,1692395930361
0.0,0.0,5.786,29.0,1692395930427
0.0,0.0,5.786,29.0,1692395930499
0.0,0.0,5.796,29.0,1692395930571
0.0,0.0,5.786,29.0,1692395930640
0.0,0.0,5.775,29.0,1692395930709
0.0,0.0,5.765,29.0,1692395930780
0.0,0.0,5.734,29.0,1692395930851
0.0,0.0,5.692,29.0,1692395930921
35.163414001464844,139.61390686035156,5.692,29.0,1692395930921
0.0,0.0,5.713,29.0,1692395930991
0.0,0.0,5.692,29.0,1692395931059
0.0,0.0,5.703,29.0,1692395931128
0.0,0.0,5.713,29.0,1692395931198
0.0,0.0,5.713,29.0,1692395931271
0.0,0.0,5.703,29.0,1692395931347
0.0,0.0,5.692,29.0,1692395931409
0.0,0.0,5.692,29.0,1692395931499
0.0,0.0,5.713,29.0,1692395931577
0.0,0.0,5.723,29.0,1692395931620
0.0,0.0,5.723,29.0,1692395931692
0.0,0.0,5.734,29.0,1692395931764
0.0,0.0,5.734,29.0,1692395931829
0.0,0.0,5.744,29.0,1692395931939
35.16341781616211,139.6138916015625,5.744,29.0,1692395931939
0.0,0.0,5.734,29.0,1692395931970
0.0,0.0,5.734,29.0,1692395932038
0.0,0.0,5.744,29.0,1692395932109
0.0,0.0,5.744,29.0,1692395932177
0.0,0.0,5.755,29.0,1692395932281
0.0,0.0,5.734,29.0,1692395932320
0.0,0.0,5.723,29.0,1692395932389
0.0,0.0,5.713,29.0,1692395932460
0.0,0.0,5.755,29.0,1692395932531
0.0,0.0,5.775,29.0,1692395932603
0.0,0.0,5.765,29.0,1692395932671
0.0,0.0,5.765,29.0,1692395932742
0.0,0.0,5.786,29.0,1692395932810
0.0,0.0,5.796,29.0,1692395932882
35.16341781616211,139.61387634277344,5.796,29.0,1692395932882
0.0,0.0,5.796,29.0,1692395932950
0.0,0.0,5.775,29.0,1692395933087
0.0,0.0,5.807,29.0,1692395933096
0.0,0.0,5.827,29.0,1692395933159
0.0,0.0,5.848,29.0,1692395933228
0.0,0.0,5.848,29.0,1692395933301
0.0,0.0,5.796,29.0,1692395933373
0.0,0.0,5.786,29.0,1692395933438
0.0,0.0,5.786,29.0,1692395933509
0.0,0.0,5.786,29.0,1692395933583
0.0,0.0,5.765,29.0,1692395933652
0.0,0.0,5.744,29.0,1692395933723
0.0,0.0,5.734,29.0,1692395933791
0.0,0.0,5.734,29.0,1692395933861
0.0,0.0,5.723,29.0,1692395933932
35.16341781616211,139.61386108398438,5.723,29.0,1692395933932
0.0,0.0,5.703,29.0,1692395934000
0.0,0.0,5.692,29.0,1692395934073
0.0,0.0,5.703,29.0,1692395934138
0.0,0.0,5.734,29.0,1692395934208
0.0,0.0,5.744,29.0,1692395934325
0.0,0.0,5.755,29.0,1692395934352
0.0,0.0,5.765,29.0,1692395934421
0.0,0.0,5.775,29.0,1692395934498
0.0,0.0,5.796,29.0,1692395934571
0.0,0.0,5.796,29.0,1692395934630
0.0,0.0,5.796,29.0,1692395934701
0.0,0.0,5.807,29.0,1692395934770
0.0,0.0,5.807,29.0,1692395934846
0.0,0.0,5.786,29.0,1692395934908
35.163421630859375,139.61383056640625,5.786,29.0,1692395934908
0.0,0.0,5.765,29.0,1692395934977
0.0,0.0,5.755,29.0,1692395935049
0.0,0.0,5.734,29.0,1692395935119
0.0,0.0,5.734,29.0,1692395935217
0.0,0.0,5.713,29.0,1692395935258
0.0,0.0,5.713,29.0,1692395935329
0.0,0.0,5.703,29.0,1692395935402
0.0,0.0,5.692,29.0,1692395935468
0.0,0.0,5.713,29.0,1692395935542
0.0,0.0,5.703,29.0,1692395935611
0.0,0.0,5.703,29.0,1692395935681
0.0,0.0,5.713,29.0,1692395935751
0.0,0.0,5.723,29.0,1692395935821
0.0,0.0,5.744,29.0,1692395935889
0.0,0.0,5.765,29.0,1692395935958
35.163421630859375,139.6138153076172,5.765,29.0,1692395935958
0.0,0.0,5.765,29.0,1692395936030
0.0,0.0,5.775,29.0,1692395936099
0.0,0.0,5.755,29.0,1692395936168
0.0,0.0,5.744,29.0,1692395936237
0.0,0.0,5.734,29.0,1692395936311
0.0,0.0,5.734,29.0,1692395936388
0.0,0.0,5.734,29.0,1692395936449
0.0,0.0,5.713,29.0,1692395936523
0.0,0.0,5.713,29.0,1692395936607
0.0,0.0,5.703,29.0,1692395936687
0.0,0.0,5.682,29.0,1692395936731
0.0,0.0,5.671,29.0,1692395936801
0.0,0.0,5.692,29.0,1692395936870
0.0,0.0,5.692,29.0,1692395936940
35.163421630859375,139.61380004882812,5.692,29.0,1692395936940
0.0,0.0,5.713,29.0,1692395937009
0.0,0.0,5.734,29.0,1692395937081
0.0,0.0,5.734,29.0,1692395937149
0.0,0.0,5.703,29.0,1692395937219
0.0,0.0,5.692,29.0,1692395937325
0.0,0.0,5.692,29.0,1692395937357
0.0,0.0,5.692,29.0,1692395937435
0.0,0.0,5.703,29.0,1692395937509
0.0,0.0,5.703,29.0,1692395937573
0.0,0.0,5.692,29.0,1692395937643
0.0,0.0,5.651,29.0,1692395937709
0.0,0.0,5.63,29.0,1692395937780
0.0,0.0,5.63,29.0,1692395937855
0.0,0.0,5.619,29.0,1692395937920
35.163421630859375,139.61380004882812,5.619,29.0,1692395937920
0.0,0.0,5.609,29.0,1692395937987
0.0,0.0,5.619,29.0,1692395938060
0.0,0.0,5.609,29.0,1692395938131
0.0,0.0,5.598,29.0,1692395938202
0.0,0.0,5.578,29.0,1692395938266
0.0,0.0,5.557,29.0,1692395938335
0.0,0.0,5.567,29.0,1692395938409
0.0,0.0,5.557,29.0,1692395938479
0.0,0.0,5.567,29.0,1692395938549
0.0,0.0,5.557,29.0,1692395938619
0.0,0.0,5.567,29.0,1692395938689
0.0,0.0,5.578,29.0,1692395938768
0.0,0.0,5.588,29.0,1692395938831
0.0,0.0,5.557,29.0,1692395938899
35.16342544555664,139.61376953125,5.557,29.0,1692395938899
0.0,0.0,5.567,29.0,1692395938968
0.0,0.0,5.567,29.0,1692395939037
0.0,0.0,5.578,29.0,1692395939109
0.0,0.0,5.598,29.0,1692395939178
0.0,0.0,5.588,29.0,1692395939250
0.0,0.0,5.588,29.0,1692395939317
0.0,0.0,5.588,29.0,1692395939388
0.0,0.0,5.598,29.0,1692395939461
0.0,0.0,5.598,29.0,1692395939545
0.0,0.0,5.588,29.0,1692395939623
0.0,0.0,5.578,29.0,1692395939668
0.0,0.0,5.578,29.0,1692395939746
0.0,0.0,5.578,29.0,1692395939809
0.0,0.0,5.567,29.0,1692395939880
35.16342544555664,139.61376953125,5.567,29.0,1692395939880
0.0,0.0,5.578,29.0,1692395939949
0.0,0.0,5.567,29.0,1692395940018
0.0,0.0,5.567,29.0,1692395940088
0.0,0.0,5.567,29.0,1692395940159
0.0,0.0,5.546,29.0,1692395940229
0.0,0.0,5.557,29.0,1692395940296
0.0,0.0,5.557,29.0,1692395940366
0.0,0.0,5.546,29.0,1692395940442
0.0,0.0,5.567,29.0,1692395940510
0.0,0.0,5.578,29.0,1692395940580
0.0,0.0,5.578,29.0,1692395940650
0.0,0.0,5.578,29.0,1692395940720
0.0,0.0,5.578,29.0,1692395940789
0.0,0.0,5.598,29.0,1692395940861
35.16342544555664,139.61375427246094,5.598,29.0,1692395940861
0.0,0.0,5.567,29.0,1692395940930
0.0,0.0,5.588,29.0,1692395940998
0.0,0.0,5.598,29.0,1692395941067
0.0,0.0,5.609,29.0,1692395941138
0.0,0.0,5.64,29.0,1692395941209
0.0,0.0,5.651,29.0,1692395941278
0.0,0.0,5.63,29.0,1692395941349
0.0,0.0,5.63,29.0,1692395941418
0.0,0.0,5.63,29.0,1692395941493
0.0,0.0,5.63,29.0,1692395941562
0.0,0.0,5.651,29.0,1692395941632
0.0,0.0,5.619,29.0,1692395941713
0.0,0.0,5.651,29.0,1692395941794
0.0,0.0,5.64,29.0,1692395941841
0.0,0.0,5.598,29.0,1692395941914
35.163429260253906,139.61373901367188,5.598,29.0,1692395941914
0.0,0.0,5.598,29.0,1692395941979
0.0,0.0,5.567,29.0,1692395942051
0.0,0.0,5.578,29.0,1692395942120
0.0,0.0,5.588,29.0,1692395942188
0.0,0.0,5.546,29.0,1692395942259
0.0,0.0,5.526,29.0,1692395942333
0.0,0.0,5.515,29.0,1692395942400
0.0,0.0,5.505,29.0,1692395942488
0.0,0.0,5.515,29.0,1692395942566
0.0,0.0,5.505,29.0,1692395942610
0.0,0.0,5.494,29.0,1692395942684
0.0,0.0,5.515,29.0,1692395942751
0.0,0.0,5.515,29.0,1692395942823
0.0,0.0,5.546,29.0,1692395942898
0.0,0.0,5.505,29.0,1692395942960
0.0,0.0,5.463,29.0,1692395943030
0.0,0.0,5.515,29.0,1692395943104
0.0,0.0,5.515,29.0,1692395943170
0.0,0.0,5.494,29.0,1692395943240
0.0,0.0,5.505,29.0,1692395943308
0.0,0.0,5.505,29.0,1692395943380
0.0,0.0,5.494,29.0,1692395943451
0.0,0.0,5.536,29.0,1692395943522
0.0,0.0,5.526,29.0,1692395943591
0.0,0.0,5.515,29.0,1692395943661
0.0,0.0,5.526,29.0,1692395943730
0.0,0.0,5.578,29.0,1692395943803
0.0,0.0,5.63,29.0,1692395943872
0.0,0.0,5.63,29.0,1692395943940
35.16343307495117,139.61370849609375,5.63,29.0,1692395943940
0.0,0.0,5.619,29.0,1692395944008
0.0,0.0,5.671,29.0,1692395944124
0.0,0.0,5.682,29.0,1692395944155
0.0,0.0,5.682,29.0,1692395944239
0.0,0.0,5.692,29.0,1692395944339
0.0,0.0,5.671,29.0,1692395944361
0.0,0.0,5.703,29.0,1692395944458
0.0,0.0,5.723,29.0,1692395944505
0.0,0.0,5.723,29.0,1692395944574
0.0,0.0,5.692,29.0,1692395944642
0.0,0.0,5.671,29.0,1692395944812
0.0,0.0,5.661,29.0,1692395944821
0.0,0.0,5.64,29.0,1692395944854
0.0,0.0,5.609,29.0,1692395944922
35.16343307495117,139.6136932373047,5.609,29.0,1692395944922
0.0,0.0,5.598,29.0,1692395944990
0.0,0.0,5.588,29.0,1692395945067
0.0,0.0,5.567,29.0,1692395945148
0.0,0.0,5.557,29.0,1692395945249
0.0,0.0,5.557,29.0,1692395945272
0.0,0.0,5.578,29.0,1692395945340
0.0,0.0,5.557,29.0,1692395945420
0.0,0.0,5.588,29.0,1692395945561
0.0,0.0,5.598,29.0,1692395945567
0.0,0.0,5.588,29.0,1692395945620
0.0,0.0,5.598,29.0,1692395945692
0.0,0.0,5.588,29.0,1692395945764
0.0,0.0,5.588,29.0,1692395945832
0.0,0.0,5.578,29.0,1692395945920
35.16343688964844,139.6136932373047,5.578,29.0,1692395945920
0.0,0.0,5.578,29.0,1692395945970
0.0,0.0,5.588,29.0,1692395946041
0.0,0.0,5.598,29.0,1692395946113
0.0,0.0,5.578,29.0,1692395946180
0.0,0.0,5.619,29.0,1692395946264
0.0,0.0,5.63,29.0,1692395946321
0.0,0.0,5.567,29.0,1692395946391
0.0,0.0,5.557,29.0,1692395946466
0.0,0.0,5.578,29.0,1692395946535
0.0,0.0,5.588,29.0,1692395946603
0.0,0.0,5.609,29.0,1692395946673
0.0,0.0,5.651,29.0,1692395946745
0.0,0.0,5.671,29.0,1692395946840
0.0,0.0,5.713,29.0,1692395946918
35.1634407043457,139.61367797851562,5.713,29.0,1692395946918
0.0,0.0,5.703,29.0,1692395946952
0.0,0.0,5.723,29.0,1692395947029
0.0,0.0,5.703,29.0,1692395947092
0.0,0.0,5.703,29.0,1692395947163
0.0,0.0,5.765,29.0,1692395947277
0.0,0.0,5.827,29.0,1692395947302
0.0,0.0,5.817,29.0,1692395947372
0.0,0.0,5.827,29.0,1692395947441
0.0,0.0,5.817,29.0,1692395947513
0.0,0.0,5.786,29.0,1692395947583
0.0,0.0,5.775,29.0,1692395947653
0.0,0.0,5.734,29.0,1692395947725
0.0,0.0,5.734,29.0,1692395947796
0.0,0.0,5.734,29.0,1692395947866
35.16344451904297,139.61366271972656,5.734,29.0,1692395947866
0.0,0.0,5.734,29.0,1692395947949
0.0,0.0,5.755,29.0,1692395948006
0.0,0.0,5.734,29.0,1692395948076
0.0,0.0,5.703,29.0,1692395948144
0.0,0.0,5.734,29.0,1692395948216
0.0,0.0,5.765,29.0,1692395948282
0.0,0.0,5.786,29.0,1692395948355
0.0,0.0,5.817,29.0,1692395948421
0.0,0.0,5.838,29.0,1692395948494
0.0,0.0,5.859,29.0,1692395948564
0.0,0.0,5.879,29.0,1692395948634
0.0,0.0,5.921,29.0,1692395948703
0.0,0.0,5.931,29.0,1692395948775
0.0,0.0,5.931,29.0,1692395948849
35.163448333740234,139.6136474609375,5.931,29.0,1692395948849
0.0,0.0,5.942,29.0,1692395948976
0.0,0.0,5.952,29.0,1692395948997
0.0,0.0,5.931,29.0,1692395949052
0.0,0.0,5.911,29.0,1692395949127
0.0,0.0,5.911,29.0,1692395949193
0.0,0.0,5.879,29.0,1692395949262
0.0,0.0,5.89,29.0,1692395949332
0.0,0.0,5.9,29.0,1692395949408
0.0,0.0,5.9,29.0,1692395949475
0.0,0.0,5.911,29.0,1692395949544
0.0,0.0,5.921,29.0,1692395949613
0.0,0.0,5.921,29.0,1692395949686
0.0,0.0,5.911,29.0,1692395949755
0.0,0.0,5.942,29.0,1692395949826
0.0,0.0,5.973,29.0,1692395949927
35.1634521484375,139.61363220214844,5.973,29.0,1692395949927
0.0,0.0,5.984,29.0,1692395949964
0.0,0.0,5.984,29.0,1692395950035
0.0,0.0,5.994,29.0,1692395950104
0.0,0.0,5.973,29.0,1692395950175
0.0,0.0,6.004,29.0,1692395950245
0.0,0.0,6.015,29.0,1692395950381
0.0,0.0,6.025,29.0,1692395950385
0.0,0.0,6.036,29.0,1692395950453
0.0,0.0,6.025,29.0,1692395950537
0.0,0.0,6.025,29.0,1692395950615
0.0,0.0,6.004,29.0,1692395950668
0.0,0.0,6.004,29.0,1692395950738
0.0,0.0,6.004,29.0,1692395950806
0.0,0.0,6.004,29.0,1692395950878
35.163455963134766,139.61361694335938,6.004,29.0,1692395950878
0.0,0.0,6.025,29.0,1692395950945
0.0,0.0,6.046,29.0,1692395951015
0.0,0.0,6.036,29.0,1692395951084
0.0,0.0,6.036,29.0,1692395951154
0.0,0.0,6.036,29.0,1692395951260
0.0,0.0,6.046,29.0,1692395951296
0.0,0.0,6.077,29.0,1692395951370
0.0,0.0,6.077,29.0,1692395951433
0.0,0.0,6.088,29.0,1692395951505
0.0,0.0,6.119,29.0,1692395951578
0.0,0.0,6.14,29.0,1692395951645
0.0,0.0,6.16,29.0,1692395951717
0.0,0.0,6.15,29.0,1692395951787
0.0,0.0,6.15,29.0,1692395951854
0.0,0.0,6.16,29.0,1692395951932
35.163455963134766,139.6136016845703,6.16,29.0,1692395951932
0.0,0.0,6.16,29.0,1692395952013
0.0,0.0,6.16,29.0,1692395952071
0.0,0.0,6.15,29.0,1692395952132
0.0,0.0,6.129,29.0,1692395952205
0.0,0.0,6.16,29.0,1692395952273
0.0,0.0,6.171,29.0,1692395952344
0.0,0.0,6.192,29.0,1692395952414
0.0,0.0,6.181,29.0,1692395952488
0.0,0.0,6.171,29.0,1692395952558
0.0,0.0,6.181,29.0,1692395952627
0.0,0.0,6.16,29.0,1692395952696
0.0,0.0,6.16,29.0,1692395952770
0.0,0.0,6.171,29.0,1692395952845
0.0,0.0,6.181,29.0,1692395952909
35.16345977783203,139.61358642578125,6.181,29.0,1692395952909
0.0,0.0,6.181,29.0,1692395952977
0.0,0.0,6.192,29.0,1692395953043
0.0,0.0,6.16,29.0,1692395953116
0.0,0.0,6.14,29.0,1692395953185
0.0,0.0,6.129,29.0,1692395953252
0.0,0.0,6.098,29.0,1692395953323
0.0,0.0,6.098,29.0,1692395953393
0.0,0.0,6.088,29.0,1692395953466
0.0,0.0,6.098,29.0,1692395953537
0.0,0.0,6.098,29.0,1692395953605
0.0,0.0,6.088,29.0,1692395953674
0.0,0.0,6.088,29.0,1692395953745
0.0,0.0,6.077,29.0,1692395953814
0.0,0.0,6.067,29.0,1692395953887
35.16346740722656,139.61358642578125,6.067,29.0,1692395953887
0.0,0.0,6.077,29.0,1692395953955
0.0,0.0,6.088,29.0,1692395954024
0.0,0.0,6.119,29.0,1692395954096
0.0,0.0,6.129,29.0,1692395954183
0.0,0.0,6.16,29.0,1692395954260
0.0,0.0,6.15,29.0,1692395954302
0.0,0.0,6.16,29.0,1692395954378
0.0,0.0,6.16,29.0,1692395954445
0.0,0.0,6.171,29.0,1692395954517
0.0,0.0,6.192,29.0,1692395954585
0.0,0.0,6.202,29.0,1692395954658
0.0,0.0,6.223,29.0,1692395954727
0.0,0.0,6.212,29.0,1692395954796
0.0,0.0,6.212,29.0,1692395954874
35.16347122192383,139.6135711669922,6.212,29.0,1692395954874
0.0,0.0,6.202,29.0,1692395954952
0.0,0.0,6.223,29.0,1692395955018
0.0,0.0,6.223,29.0,1692395955074
0.0,0.0,6.223,29.0,1692395955142
0.0,0.0,6.202,29.0,1692395955220
0.0,0.0,6.202,29.0,1692395955285
0.0,0.0,6.212,29.0,1692395955357
0.0,0.0,6.192,29.0,1692395955423
0.0,0.0,6.192,29.0,1692395955495
0.0,0.0,6.181,29.0,1692395955574
0.0,0.0,6.192,29.0,1692395955656
0.0,0.0,6.192,29.0,1692395955705
0.0,0.0,6.192,29.0,1692395955776
0.0,0.0,6.171,29.0,1692395955845
0.0,0.0,6.192,29.0,1692395955922
35.16347885131836,139.61355590820312,6.192,29.0,1692395955922
0.0,0.0,6.16,29.0,1692395955983
0.0,0.0,6.171,29.0,1692395956053
0.0,0.0,6.181,29.0,1692395956124
0.0,0.0,6.171,29.0,1692395956193
0.0,0.0,6.181,29.0,1692395956267
0.0,0.0,6.202,29.0,1692395956347
0.0,0.0,6.202,29.0,1692395956403
0.0,0.0,6.212,29.0,1692395956477
0.0,0.0,6.223,29.0,1692395956544
0.0,0.0,6.233,29.0,1692395956615
0.0,0.0,6.265,29.0,1692395956687
0.0,0.0,6.275,29.0,1692395956757
0.0,0.0,6.275,29.0,1692395956825
0.0,0.0,6.327,29.0,1692395956896
35.16348648071289,139.61354064941406,6.327,29.0,1692395956896
0.0,0.0,6.327,29.0,1692395956968
0.0,0.0,6.369,29.0,1692395957048
0.0,0.0,6.379,29.0,1692395957128
0.0,0.0,6.379,29.0,1692395957178
0.0,0.0,6.389,29.0,1692395957245
0.0,0.0,6.379,29.0,1692395957317
0.0,0.0,6.389,29.0,1692395957387
0.0,0.0,6.379,29.0,1692395957454
0.0,0.0,6.369,29.0,1692395957527
0.0,0.0,6.379,29.0,1692395957598
0.0,0.0,6.389,29.0,1692395957667
0.0,0.0,6.379,29.0,1692395957759
0.0,0.0,6.379,29.0,1692395957838
0.0,0.0,6.358,29.0,1692395957878
35.163490295410156,139.613525390625,6.358,29.0,1692395957878
0.0,0.0,6.369,29.0,1692395957948
0.0,0.0,6.348,29.0,1692395958014
0.0,0.0,6.337,29.0,1692395958088
0.0,0.0,6.337,29.0,1692395958154
0.0,0.0,6.358,29.0,1692395958227
0.0,0.0,6.369,29.0,1692395958298
0.0,0.0,6.369,29.0,1692395958366
0.0,0.0,6.358,29.0,1692395958437
0.0,0.0,6.358,29.0,1692395958507
0.0,0.0,6.337,29.0,1692395958586
0.0,0.0,6.337,29.0,1692395958658
0.0,0.0,6.348,29.0,1692395958718
0.0,0.0,6.327,29.0,1692395958787
0.0,0.0,6.327,29.0,1692395958858
0.0,0.0,6.327,29.0,1692395958933
35.16349792480469,139.61351013183594,6.327,29.0,1692395958933
0.0,0.0,6.327,29.0,1692395958995
0.0,0.0,6.296,29.0,1692395959067
0.0,0.0,6.275,29.0,1692395959135
0.0,0.0,6.275,29.0,1692395959204
0.0,0.0,6.275,29.0,1692395959282
0.0,0.0,6.254,29.0,1692395959397
0.0,0.0,6.265,29.0,1692395959412
0.0,0.0,6.275,29.0,1692395959482
0.0,0.0,6.275,29.0,1692395959556
0.0,0.0,6.285,29.0,1692395959628
0.0,0.0,6.296,29.0,1692395959695
0.0,0.0,6.337,29.0,1692395959765
0.0,0.0,6.358,29.0,1692395959837
0.0,0.0,6.41,29.0,1692395959907
35.16350173950195,139.61351013183594,6.41,29.0,1692395959907
0.0,0.0,6.421,29.0,1692395959974
0.0,0.0,6.452,29.0,1692395960044
0.0,0.0,6.483,29.0,1692395960113
0.0,0.0,6.504,29.0,1692395960183
0.0,0.0,6.514,29.0,1692395960258
0.0,0.0,6.514,29.0,1692395960325
0.0,0.0,6.525,29.0,1692395960394
0.0,0.0,6.514,29.0,1692395960466
0.0,0.0,6.514,29.0,1692395960538
0.0,0.0,6.483,29.0,1692395960605
0.0,0.0,6.462,29.0,1692395960676
0.0,0.0,6.441,29.0,1692395960747
0.0,0.0,6.421,29.0,1692395960817
0.0,0.0,6.389,29.0,1692395960891
35.163509368896484,139.61349487304688,6.389,29.0,1692395960891
0.0,0.0,6.369,29.0,1692395960961
0.0,0.0,6.337,29.0,1692395961025
0.0,0.0,6.348,29.0,1692395961095
0.0,0.0,6.358,29.0,1692395961165
0.0,0.0,6.389,29.0,1692395961235
0.0,0.0,6.4,29.0,1692395961308
0.0,0.0,6.421,29.0,1692395961376
0.0,0.0,6.431,29.0,1692395961478
0.0,0.0,6.441,29.0,1692395961518
0.0,0.0,6.441,29.0,1692395961584
0.0,0.0,6.462,29.0,1692395961660
0.0,0.0,6.483,29.0,1692395961729
0.0,0.0,6.493,29.0,1692395961795
0.0,0.0,6.514,29.0,1692395961866
35.16351318359375,139.6134796142578,6.514,29.0,1692395961866
0.0,0.0,6.525,29.0,1692395961938
0.0,0.0,6.493,29.0,1692395962007
0.0,0.0,6.452,29.0,1692395962078
0.0,0.0,6.421,29.0,1692395962150
0.0,0.0,6.452,29.0,1692395962236
0.0,0.0,6.452,29.0,1692395962301
0.0,0.0,6.462,29.0,1692395962369
0.0,0.0,6.493,29.0,1692395962425
0.0,0.0,6.504,29.0,1692395962496
0.0,0.0,6.504,29.0,1692395962567
0.0,0.0,6.514,29.0,1692395962639
0.0,0.0,6.525,29.0,1692395962706
0.0,0.0,6.514,29.0,1692395962777
0.0,0.0,6.546,29.0,1692395962848
0.0,0.0,6.566,29.0,1692395962931
35.163516998291016,139.61346435546875,6.566,29.0,1692395962931
0.0,0.0,6.556,29.0,1692395962985
0.0,0.0,6.525,29.0,1692395963054
0.0,0.0,6.525,29.0,1692395963125
0.0,0.0,6.514,29.0,1692395963195
0.0,0.0,6.514,29.0,1692395963268
0.0,0.0,6.493,29.0,1692395963337
0.0,0.0,6.493,29.0,1692395963403
0.0,0.0,6.473,29.0,1692395963478
0.0,0.0,6.473,29.0,1692395963545
0.0,0.0,6.473,29.0,1692395963621
0.0,0.0,6.441,29.0,1692395963689
0.0,0.0,6.441,29.0,1692395963763
0.0,0.0,6.441,29.0,1692395963834
0.0,0.0,6.473,29.0,1692395963896
35.16352081298828,139.6134490966797,6.473,29.0,1692395963896
0.0,0.0,6.462,29.0,1692395963992
0.0,0.0,6.483,29.0,1692395964033
0.0,0.0,6.493,29.0,1692395964135
0.0,0.0,6.514,29.0,1692395964177
0.0,0.0,6.546,29.0,1692395964316
0.0,0.0,6.556,29.0,1692395964433
0.0,0.0,6.566,29.0,1692395964456
0.0,0.0,6.556,29.0,1692395964538
0.0,0.0,6.577,29.0,1692395964637
0.0,0.0,6.556,29.0,1692395964669
0.0,0.0,6.546,29.0,1692395964750
0.0,0.0,6.535,29.0,1692395964805
0.0,0.0,6.535,29.0,1692395964934
35.16352462768555,139.61343383789062,6.535,29.0,1692395964934
0.0,0.0,6.525,29.0,1692395964946
0.0,0.0,6.504,29.0,1692395965033
0.0,0.0,6.493,29.0,1692395965084
0.0,0.0,6.504,29.0,1692395965154
0.0,0.0,6.493,29.0,1692395965224
0.0,0.0,6.483,29.0,1692395965357
0.0,0.0,6.483,29.0,1692395965367
0.0,0.0,6.473,29.0,1692395965435
0.0,0.0,6.493,29.0,1692395965529
0.0,0.0,6.493,29.0,1692395965890
0.0,0.0,6.493,29.0,1692395965898
35.16352844238281,139.61341857910156,6.493,29.0,1692395965898
0.0,0.0,6.504,29.0,1692395965923
0.0,0.0,6.493,29.0,1692395965925
0.0,0.0,6.504,29.0,1692395965930
0.0,0.0,6.504,29.0,1692395965944
0.0,0.0,6.493,29.0,1692395966002
0.0,0.0,6.514,29.0,1692395966066
0.0,0.0,6.493,29.0,1692395966133
0.0,0.0,6.504,29.0,1692395966205
0.0,0.0,6.493,29.0,1692395966276
0.0,0.0,6.493,29.0,1692395966349
0.0,0.0,6.525,29.0,1692395966414
0.0,0.0,6.504,29.0,1692395966485
0.0,0.0,6.483,29.0,1692395966557
0.0,0.0,6.483,29.0,1692395966631
0.0,0.0,6.462,29.0,1692395966699
0.0,0.0,6.462,29.0,1692395966767
0.0,0.0,6.473,29.0,1692395966839
0.0,0.0,6.483,29.0,1692395966907
35.16353225708008,139.6134033203125,6.483,29.0,1692395966907
0.0,0.0,6.483,29.0,1692395966975
0.0,0.0,6.483,29.0,1692395967047
0.0,0.0,6.483,29.0,1692395967114
0.0,0.0,6.462,29.0,1692395967184
0.0,0.0,6.441,29.0,1692395967256
0.0,0.0,6.441,29.0,1692395967331
0.0,0.0,6.441,29.0,1692395967413
0.0,0.0,6.462,29.0,1692395967466
0.0,0.0,6.483,29.0,1692395967538
0.0,0.0,6.483,29.0,1692395967608
0.0,0.0,6.452,29.0,1692395967677
0.0,0.0,6.452,29.0,1692395967749
0.0,0.0,6.441,29.0,1692395967817
0.0,0.0,6.441,29.0,1692395967888
35.163536071777344,139.61338806152344,6.441,29.0,1692395967888
0.0,0.0,6.431,29.0,1692395967957
0.0,0.0,6.441,29.0,1692395968045
0.0,0.0,6.41,29.0,1692395968123
0.0,0.0,6.369,29.0,1692395968164
0.0,0.0,6.327,29.0,1692395968234
0.0,0.0,6.296,29.0,1692395968305
0.0,0.0,6.254,29.0,1692395968378
0.0,0.0,6.233,29.0,1692395968443
0.0,0.0,6.212,29.0,1692395968512
0.0,0.0,6.192,29.0,1692395968585
0.0,0.0,6.171,29.0,1692395968655
0.0,0.0,6.16,29.0,1692395968727
0.0,0.0,6.15,29.0,1692395968800
0.0,0.0,6.129,29.0,1692395968866
35.163536071777344,139.61337280273438,6.129,29.0,1692395968866
0.0,0.0,6.129,29.0,1692395968933
0.0,0.0,6.14,29.0,1692395969009
0.0,0.0,6.129,29.0,1692395969076
0.0,0.0,6.108,29.0,1692395969144
0.0,0.0,6.088,29.0,1692395969213
0.0,0.0,6.056,29.0,1692395969287
0.0,0.0,6.067,29.0,1692395969356
0.0,0.0,6.077,29.0,1692395969432
0.0,0.0,6.056,29.0,1692395969512
0.0,0.0,6.067,29.0,1692395969567
0.0,0.0,6.056,29.0,1692395969637
0.0,0.0,6.056,29.0,1692395969707
0.0,0.0,6.067,29.0,1692395969776
0.0,0.0,6.067,29.0,1692395969845
0.0,0.0,6.098,29.0,1692395969913
35.163536071777344,139.6133575439453,6.098,29.0,1692395969913
0.0,0.0,6.129,29.0,1692395969985
0.0,0.0,6.119,29.0,1692395970056
0.0,0.0,6.171,29.0,1692395970125
0.0,0.0,6.098,29.0,1692395970227
0.0,0.0,6.046,29.0,1692395970264
0.0,0.0,6.036,29.0,1692395970335
0.0,0.0,6.015,29.0,1692395970405
0.0,0.0,5.984,29.0,1692395970475
0.0,0.0,5.942,29.0,1692395970543
0.0,0.0,5.911,29.0,1692395970614
0.0,0.0,5.859,29.0,1692395970685
0.0,0.0,5.807,29.0,1692395970755
0.0,0.0,5.765,29.0,1692395970825
0.0,0.0,5.765,29.0,1692395970894
35.16353988647461,139.61334228515625,5.765,29.0,1692395970894
0.0,0.0,5.744,29.0,1692395970962
0.0,0.0,5.796,29.0,1692395971035
0.0,0.0,5.848,29.0,1692395971109
0.0,0.0,5.89,29.0,1692395971176
0.0,0.0,5.931,29.0,1692395971242
0.0,0.0,5.942,29.0,1692395971367
0.0,0.0,6.015,29.0,1692395971381
0.0,0.0,6.046,29.0,1692395971454
0.0,0.0,6.098,29.0,1692395971524
0.0,0.0,6.129,29.0,1692395971595
0.0,0.0,6.056,29.0,1692395971667
0.0,0.0,6.025,29.0,1692395971736
0.0,0.0,6.025,29.0,1692395971807
0.0,0.0,5.973,29.0,1692395971876
35.16353988647461,139.6133270263672,5.973,29.0,1692395971876
0.0,0.0,5.9,29.0,1692395971942
0.0,0.0,5.859,29.0,1692395972014
0.0,0.0,5.827,29.0,1692395972084
0.0,0.0,5.765,29.0,1692395972153
0.0,0.0,5.651,29.0,1692395972222
0.0,0.0,5.598,29.0,1692395972291
0.0,0.0,5.588,29.0,1692395972381
0.0,0.0,5.578,29.0,1692395972459
0.0,0.0,5.588,29.0,1692395972504
0.0,0.0,5.578,29.0,1692395972573
0.0,0.0,5.536,29.0,1692395972642
0.0,0.0,5.578,29.0,1692395972712
0.0,0.0,5.661,29.0,1692395972788
0.0,0.0,5.723,29.0,1692395972859
0.0,0.0,5.765,29.0,1692395972923
35.16353988647461,139.61331176757812,5.765,29.0,1692395972923
0.0,0.0,5.817,29.0,1692395972994
0.0,0.0,5.911,29.0,1692395973067
0.0,0.0,5.994,29.0,1692395973138
0.0,0.0,6.004,29.0,1692395973218
0.0,0.0,6.025,29.0,1692395973345
0.0,0.0,6.067,29.0,1692395973415
0.0,0.0,6.098,29.0,1692395973486
0.0,0.0,6.15,29.0,1692395973553
0.0,0.0,6.15,29.0,1692395973624
0.0,0.0,6.108,29.0,1692395973693
0.0,0.0,6.098,29.0,1692395973769
0.0,0.0,6.098,29.0,1692395973837
0.0,0.0,6.088,29.0,1692395973904
35.16353988647461,139.61329650878906,6.088,29.0,1692395973904
0.0,0.0,6.15,29.0,1692395973973
0.0,0.0,6.129,29.0,1692395974050
0.0,0.0,6.119,29.0,1692395974116
0.0,0.0,6.108,29.0,1692395974185
0.0,0.0,6.077,29.0,1692395974253
0.0,0.0,6.036,29.0,1692395974324
0.0,0.0,6.015,29.0,1692395974393
0.0,0.0,6.036,29.0,1692395974466
0.0,0.0,6.056,29.0,1692395974533
0.0,0.0,6.077,29.0,1692395974606
0.0,0.0,6.046,29.0,1692395974679
0.0,0.0,6.067,29.0,1692395974751
0.0,0.0,6.077,29.0,1692395974818
0.0,0.0,6.088,29.0,1692395974887
35.16353988647461,139.61328125,6.088,29.0,1692395974887
0.0,0.0,6.108,29.0,1692395974955
0.0,0.0,6.108,29.0,1692395975024
0.0,0.0,6.119,29.0,1692395975094
0.0,0.0,6.119,29.0,1692395975164
0.0,0.0,6.129,29.0,1692395975231
0.0,0.0,6.119,29.0,1692395975303
0.0,0.0,6.119,29.0,1692395975378
0.0,0.0,6.098,29.0,1692395975444
0.0,0.0,6.108,29.0,1692395975515
0.0,0.0,6.108,29.0,1692395975585
0.0,0.0,6.088,29.0,1692395975653
0.0,0.0,6.088,29.0,1692395975726
0.0,0.0,6.098,29.0,1692395975797
0.0,0.0,6.098,29.0,1692395975865
35.163543701171875,139.61328125,6.098,29.0,1692395975865
0.0,0.0,6.098,29.0,1692395975933
0.0,0.0,6.108,29.0,1692395976008
0.0,0.0,6.077,29.0,1692395976084
0.0,0.0,6.088,29.0,1692395976151
0.0,0.0,6.067,29.0,1692395976216
0.0,0.0,6.067,29.0,1692395976283
0.0,0.0,6.067,29.0,1692395976359
0.0,0.0,6.067,29.0,1692395976423
0.0,0.0,6.088,29.0,1692395976498
0.0,0.0,6.077,29.0,1692395976566
0.0,0.0,6.067,29.0,1692395976634
0.0,0.0,6.056,29.0,1692395976704
0.0,0.0,6.046,29.0,1692395976795
0.0,0.0,6.036,29.0,1692395976872
0.0,0.0,6.036,29.0,1692395976929
35.16354751586914,139.61326599121094,6.036,29.0,1692395976929
0.0,0.0,6.015,29.0,1692395976985
0.0,0.0,6.025,29.0,1692395977054
0.0,0.0,6.036,29.0,1692395977127
0.0,0.0,6.046,29.0,1692395977195
0.0,0.0,6.015,29.0,1692395977264
0.0,0.0,5.973,29.0,1692395977361
0.0,0.0,5.984,29.0,1692395977402
0.0,0.0,5.963,29.0,1692395977545
0.0,0.0,5.952,29.0,1692395977550
0.0,0.0,5.952,29.0,1692395977628
0.0,0.0,5.942,29.0,1692395977698
0.0,0.0,5.931,29.0,1692395977754
0.0,0.0,5.931,29.0,1692395977825
0.0,0.0,5.921,29.0,1692395977893
35.163551330566406,139.61325073242188,5.921,29.0,1692395977893
0.0,0.0,5.9,29.0,1692395977960
0.0,0.0,5.89,29.0,1692395978032
0.0,0.0,5.9,29.0,1692395978102
0.0,0.0,5.89,29.0,1692395978187
0.0,0.0,5.89,29.0,1692395978267
0.0,0.0,5.879,29.0,1692395978315
0.0,0.0,5.879,29.0,1692395978383
0.0,0.0,5.879,29.0,1692395978452
0.0,0.0,5.879,29.0,1692395978527
0.0,0.0,5.879,29.0,1692395978594
0.0,0.0,5.89,29.0,1692395978663
0.0,0.0,5.9,29.0,1692395978733
0.0,0.0,5.921,29.0,1692395978803
0.0,0.0,5.921,29.0,1692395978876
35.16355895996094,139.61325073242188,5.921,29.0,1692395978876
0.0,0.0,5.931,29.0,1692395978945
0.0,0.0,5.931,29.0,1692395979016
0.0,0.0,5.942,29.0,1692395979095
0.0,0.0,5.963,29.0,1692395979167
0.0,0.0,5.963,29.0,1692395979222
0.0,0.0,5.973,29.0,1692395979291
0.0,0.0,5.973,29.0,1692395979366
0.0,0.0,5.973,29.0,1692395979433
0.0,0.0,5.952,29.0,1692395979510
0.0,0.0,5.952,29.0,1692395979576
0.0,0.0,5.952,29.0,1692395979645
0.0,0.0,5.952,29.0,1692395979724
0.0,0.0,5.942,29.0,1692395979791
0.0,0.0,5.942,29.0,1692395979853
0.0,0.0,5.942,29.0,1692395979924
35.16356658935547,139.6132354736328,5.942,29.0,1692395979924
0.0,0.0,5.921,29.0,1692395979992
0.0,0.0,5.931,29.0,1692395980064
0.0,0.0,5.921,29.0,1692395980133
0.0,0.0,5.921,29.0,1692395980201
0.0,0.0,5.921,29.0,1692395980275
0.0,0.0,5.942,29.0,1692395980342
0.0,0.0,5.942,29.0,1692395980411
0.0,0.0,5.942,29.0,1692395980492
0.0,0.0,5.921,29.0,1692395980564
0.0,0.0,5.942,29.0,1692395980632
0.0,0.0,5.942,29.0,1692395980701
0.0,0.0,5.942,29.0,1692395980766
0.0,0.0,5.952,29.0,1692395980834
0.0,0.0,5.942,29.0,1692395980904
35.163570404052734,139.61322021484375,5.942,29.0,1692395980904
0.0,0.0,5.963,29.0,1692395980971
0.0,0.0,5.942,29.0,1692395981043
0.0,0.0,5.952,29.0,1692395981115
0.0,0.0,5.942,29.0,1692395981189
0.0,0.0,5.942,29.0,1692395981261
0.0,0.0,5.931,29.0,1692395981320
0.0,0.0,5.942,29.2,1692395981394
0.0,0.0,5.952,29.2,1692395981460
0.0,0.0,5.942,29.2,1692395981534
0.0,0.0,5.942,29.2,1692395981603
0.0,0.0,5.931,29.2,1692395981673
0.0,0.0,5.931,29.2,1692395981744
0.0,0.0,5.952,29.2,1692395981814
0.0,0.0,5.973,29.2,1692395981910
35.16357421875,139.61322021484375,5.973,29.2,1692395981910
0.0,0.0,5.984,29.2,1692395981991
0.0,0.0,5.994,29.2,1692395982023
0.0,0.0,6.004,29.2,1692395982095
0.0,0.0,6.004,29.2,1692395982164
0.0,0.0,6.004,29.2,1692395982234
0.0,0.0,6.025,29.2,1692395982304
0.0,0.0,6.025,29.2,1692395982372
0.0,0.0,6.025,29.2,1692395982443
0.0,0.0,6.036,29.2,1692395982514
0.0,0.0,6.025,29.2,1692395982608
0.0,0.0,6.025,29.2,1692395982686
0.0,0.0,6.015,29.2,1692395982727
0.0,0.0,6.025,29.2,1692395982795
0.0,0.0,6.015,29.2,1692395982867
35.16358184814453,139.6132049560547,6.015,29.2,1692395982867
0.0,0.0,6.004,29.2,1692395982935
0.0,0.0,6.025,29.2,1692395983009
0.0,0.0,6.015,29.2,1692395983076
0.0,0.0,6.015,29.2,1692395983144
0.0,0.0,6.004,29.2,1692395983219
0.0,0.0,5.994,29.2,1692395983285
0.0,0.0,5.984,29.2,1692395983353
0.0,0.0,5.984,29.2,1692395983440
0.0,0.0,5.984,29.2,1692395983490
0.0,0.0,5.994,29.2,1692395983564
0.0,0.0,5.994,29.2,1692395983638
0.0,0.0,6.004,29.2,1692395983704
0.0,0.0,6.004,29.2,1692395983774
0.0,0.0,6.004,29.2,1692395983845
35.16358947753906,139.61318969726562,6.004,29.2,1692395983845
0.0,0.0,6.004,29.2,1692395983965
0.0,0.0,6.015,29.2,1692395983990
0.0,0.0,6.056,29.2,1692395984115
0.0,0.0,6.067,29.2,1692395984123
0.0,0.0,6.067,29.2,1692395984199
0.0,0.0,6.067,29.2,1692395984265
0.0,0.0,6.067,29.2,1692395984366
0.0,0.0,6.067,29.2,1692395984403
0.0,0.0,6.067,29.0,1692395984489
0.0,0.0,6.067,29.0,1692395984586
0.0,0.0,6.088,29.0,1692395984616
0.0,0.0,6.108,29.0,1692395984706
0.0,0.0,6.129,29.0,1692395984778
0.0,0.0,6.14,29.0,1692395984929
35.163597106933594,139.61317443847656,6.14,29.0,1692395984929
0.0,0.0,6.119,29.0,1692395984931
0.0,0.0,6.098,29.0,1692395985000
0.0,0.0,6.088,29.0,1692395985033
0.0,0.0,6.088,29.0,1692395985116
0.0,0.0,6.088,29.0,1692395985213
0.0,0.0,6.088,29.0,1692395985248
0.0,0.0,6.077,29.0,1692395985325
0.0,0.0,6.077,29.0,1692395985386
0.0,0.0,6.077,29.0,1692395985521
0.0,0.0,6.067,29.0,1692395985529
0.0,0.0,6.056,29.0,1692395985608
0.0,0.0,6.046,29.0,1692395985666
0.0,0.0,6.056,29.0,1692395985735
0.0,0.0,6.056,29.0,1692395985804
0.0,0.0,6.046,29.0,1692395985877
35.16360092163086,139.61317443847656,6.046,29.0,1692395985877
0.0,0.0,6.056,29.0,1692395985943
0.0,0.0,6.056,29.0,1692395986013
0.0,0.0,6.067,29.0,1692395986083
0.0,0.0,6.067,29.0,1692395986152
0.0,0.0,6.077,29.0,1692395986224
0.0,0.0,6.056,29.0,1692395986294
0.0,0.0,6.067,29.0,1692395986366
0.0,0.0,6.088,29.0,1692395986433
0.0,0.0,6.108,29.0,1692395986503
0.0,0.0,6.098,29.0,1692395986577
0.0,0.0,6.119,29.0,1692395986646
0.0,0.0,6.14,29.0,1692395986715
0.0,0.0,6.129,29.0,1692395986784
0.0,0.0,6.119,29.0,1692395986857
0.0,0.0,6.098,29.0,1692395986926
35.163612365722656,139.6131591796875,6.098,29.0,1692395986926
0.0,0.0,6.067,29.0,1692395986995
0.0,0.0,6.067,29.0,1692395987064
0.0,0.0,6.067,29.0,1692395987133
0.0,0.0,6.036,29.0,1692395987203
0.0,0.0,6.025,29.0,1692395987279
0.0,0.0,5.973,29.0,1692395987350
0.0,0.0,5.963,29.0,1692395987412
0.0,0.0,5.921,29.0,1692395987483
0.0,0.0,5.838,29.0,1692395987554
0.0,0.0,5.807,29.0,1692395987625
0.0,0.0,5.775,29.0,1692395987696
0.0,0.0,5.713,29.0,1692395987774
0.0,0.0,5.713,29.0,1692395987843
0.0,0.0,5.692,29.0,1692395987903
35.16361999511719,139.61314392089844,5.692,29.0,1692395987903
0.0,0.0,5.682,29.0,1692395987974
0.0,0.0,5.661,29.0,1692395988044
0.0,0.0,5.619,29.0,1692395988111
0.0,0.0,5.609,29.0,1692395988183
0.0,0.0,5.546,29.0,1692395988253
0.0,0.0,5.546,29.0,1692395988327
0.0,0.0,5.526,29.0,1692395988420
0.0,0.0,5.494,29.0,1692395988463
0.0,0.0,5.432,29.0,1692395988533
0.0,0.0,5.453,29.0,1692395988601
0.0,0.0,5.401,29.0,1692395988673
0.0,0.0,5.349,29.0,1692395988742
0.0,0.0,5.338,29.0,1692395988814
0.0,0.0,5.286,29.0,1692395988883
35.16362762451172,139.61314392089844,5.286,29.0,1692395988883
0.0,0.0,5.245,29.0,1692395988951
0.0,0.0,5.172,29.0,1692395989023
0.0,0.0,5.141,29.0,1692395989094
0.0,0.0,5.109,29.0,1692395989161
0.0,0.0,5.057,29.0,1692395989229
0.0,0.0,5.005,29.0,1692395989300
0.0,0.0,5.005,29.0,1692395989376
0.0,0.0,4.974,29.0,1692395989443
0.0,0.0,4.943,29.0,1692395989513
0.0,0.0,4.943,29.0,1692395989580
0.0,0.0,4.932,29.0,1692395989652
0.0,0.0,4.891,29.0,1692395989720
0.0,0.0,4.891,29.0,1692395989793
0.0,0.0,4.932,29.0,1692395989861
35.163639068603516,139.61312866210938,4.932,29.0,1692395989861
0.0,0.0,4.984,29.0,1692395989945
0.0,0.0,5.026,29.0,1692395990024
0.0,0.0,5.036,29.0,1692395990070
0.0,0.0,5.078,29.0,1692395990140
0.0,0.0,5.036,29.0,1692395990210
0.0,0.0,5.026,29.0,1692395990281
0.0,0.0,5.026,29.0,1692395990353
0.0,0.0,4.984,29.0,1692395990423
0.0,0.0,4.974,29.0,1692395990489
0.0,0.0,5.005,29.0,1692395990560
0.0,0.0,5.057,29.0,1692395990629
0.0,0.0,5.057,29.0,1692395990701
0.0,0.0,5.016,29.0,1692395990773
0.0,0.0,5.005,29.0,1692395990844
0.0,0.0,5.026,29.0,1692395990931
35.16364288330078,139.6131134033203,5.026,29.0,1692395990931
0.0,0.0,4.984,29.0,1692395990981
0.0,0.0,4.953,29.0,1692395991050
0.0,0.0,4.964,29.0,1692395991119
0.0,0.0,4.912,29.0,1692395991188
0.0,0.0,4.943,29.0,1692395991259
0.0,0.0,4.964,29.0,1692395991330
0.0,0.0,4.912,29.0,1692395991401
0.0,0.0,4.88,29.0,1692395991470
0.0,0.0,4.86,29.0,1692395991544
0.0,0.0,4.828,29.0,1692395991611
0.0,0.0,4.745,29.0,1692395991686
0.0,0.0,4.672,29.0,1692395991754
0.0,0.0,4.651,29.0,1692395991823
0.0,0.0,4.651,29.0,1692395991890
35.16365051269531,139.61309814453125,4.651,29.0,1692395991890
0.0,0.0,4.693,29.0,1692395991958
0.0,0.0,4.735,29.0,1692395992032
0.0,0.0,4.714,29.0,1692395992102
0.0,0.0,4.672,29.0,1692395992174
0.0,0.0,4.672,29.0,1692395992241
0.0,0.0,4.662,29.0,1692395992332
0.0,0.0,4.651,29.0,1692395992383
0.0,0.0,4.662,29.0,1692395992446
0.0,0.0,4.703,29.0,1692395992517
0.0,0.0,4.756,29.0,1692395992590
0.0,0.0,4.776,29.0,1692395992662
0.0,0.0,4.787,29.0,1692395992729
0.0,0.0,4.735,29.0,1692395992802
0.0,0.0,4.735,29.0,1692395992868
0.0,0.0,4.735,29.0,1692395992940
35.16365432739258,139.61309814453125,4.735,29.0,1692395992940
0.0,0.0,4.756,29.0,1692395993009
0.0,0.0,4.724,29.0,1692395993080
0.0,0.0,4.756,29.0,1692395993149
0.0,0.0,4.797,29.0,1692395993217
0.0,0.0,4.818,29.0,1692395993287
0.0,0.0,4.818,29.0,1692395993360
0.0,0.0,4.839,29.0,1692395993429
0.0,0.0,4.86,29.0,1692395993498
0.0,0.0,4.901,29.0,1692395993624
0.0,0.0,4.953,29.0,1692395993661
0.0,0.0,4.964,29.0,1692395993709
0.0,0.0,4.932,29.0,1692395993781
0.0,0.0,4.922,29.0,1692395993851
0.0,0.0,4.912,29.0,1692395993920
35.163658142089844,139.6130828857422,4.912,29.0,1692395993920
0.0,0.0,4.901,29.0,1692395993989
0.0,0.0,4.912,29.0,1692395994063
0.0,0.0,4.953,29.0,1692395994133
0.0,0.0,4.964,29.0,1692395994198
0.0,0.0,4.964,29.0,1692395994268
0.0,0.0,4.943,29.0,1692395994341
0.0,0.0,4.953,29.0,1692395994419
0.0,0.0,4.943,29.0,1692395994493
0.0,0.0,4.984,29.0,1692395994551
0.0,0.0,5.036,29.0,1692395994621
0.0,0.0,5.099,29.0,1692395994693
0.0,0.0,5.151,29.0,1692395994764
0.0,0.0,5.193,29.0,1692395994832
0.0,0.0,5.224,29.0,1692395994910
35.163658142089844,139.61306762695312,5.224,29.0,1692395994910
0.0,0.0,5.234,29.0,1692395994969
0.0,0.0,5.213,29.0,1692395995039
0.0,0.0,5.182,29.0,1692395995117
0.0,0.0,5.172,29.0,1692395995186
0.0,0.0,5.13,29.0,1692395995250
0.0,0.0,5.172,29.0,1692395995333
0.0,0.0,5.172,29.0,1692395995389
0.0,0.0,5.182,29.0,1692395995467
0.0,0.0,5.151,29.0,1692395995529
0.0,0.0,5.13,29.0,1692395995602
0.0,0.0,5.12,29.0,1692395995673
0.0,0.0,5.13,29.0,1692395995742
0.0,0.0,5.078,29.0,1692395995811
0.0,0.0,5.141,29.0,1692395995883
35.16366195678711,139.61305236816406,5.141,29.0,1692395995883
0.0,0.0,5.182,29.0,1692395995950
0.0,0.0,5.265,29.0,1692395996018
0.0,0.0,5.359,29.0,1692395996092
0.0,0.0,5.349,29.0,1692395996161
0.0,0.0,5.359,29.0,1692395996231
0.0,0.0,5.359,29.0,1692395996301
0.0,0.0,5.401,29.0,1692395996372
0.0,0.0,5.453,29.0,1692395996443
0.0,0.0,5.494,29.0,1692395996514
0.0,0.0,5.515,29.0,1692395996582
0.0,0.0,5.567,29.0,1692395996655
0.0,0.0,5.536,29.0,1692395996723
0.0,0.0,5.515,29.0,1692395996797
0.0,0.0,5.484,29.0,1692395996863
0.0,0.0,5.432,29.0,1692395996932
35.163665771484375,139.613037109375,5.432,29.0,1692395996932
0.0,0.0,5.453,29.0,1692395997000
0.0,0.0,5.463,29.0,1692395997073
0.0,0.0,5.453,29.0,1692395997144
0.0,0.0,5.422,29.0,1692395997244
0.0,0.0,5.401,29.0,1692395997281
0.0,0.0,5.39,29.0,1692395997351
0.0,0.0,5.39,29.0,1692395997426
0.0,0.0,5.442,29.0,1692395997495
0.0,0.0,5.463,29.0,1692395997564
0.0,0.0,5.463,29.0,1692395997632
0.0,0.0,5.453,29.0,1692395997702
0.0,0.0,5.474,29.0,1692395997773
0.0,0.0,5.526,29.0,1692395997845
0.0,0.0,5.546,29.0,1692395997936
35.16366958618164,139.61302185058594,5.546,29.0,1692395997936
0.0,0.0,5.598,29.0,1692395998012
0.0,0.0,5.661,29.0,1692395998055
0.0,0.0,5.723,29.0,1692395998123
0.0,0.0,5.755,29.0,1692395998193
0.0,0.0,5.775,29.0,1692395998261
0.0,0.0,5.775,29.0,1692395998368
0.0,0.0,5.796,29.0,1692395998402
0.0,0.0,5.817,29.0,1692395998473
0.0,0.0,5.89,29.0,1692395998543
0.0,0.0,5.879,29.0,1692395998644
0.0,0.0,5.869,29.0,1692395998686
0.0,0.0,5.921,29.0,1692395998755
0.0,0.0,5.9,29.0,1692395998823
0.0,0.0,5.911,29.0,1692395998895
35.16366958618164,139.61302185058594,5.911,29.0,1692395998895
0.0,0.0,5.9,29.0,1692395998968
0.0,0.0,5.869,29.0,1692395999034
0.0,0.0,5.9,29.0,1692395999103
0.0,0.0,5.9,29.0,1692395999171
0.0,0.0,5.911,29.0,1692395999242
0.0,0.0,5.9,29.0,1692395999312
0.0,0.0,5.879,29.0,1692395999397
0.0,0.0,5.911,29.0,1692395999469
0.0,0.0,5.911,29.0,1692395999525
0.0,0.0,5.9,29.0,1692395999593
0.0,0.0,5.921,29.0,1692395999662
0.0,0.0,5.9,29.0,1692395999734
0.0,0.0,5.931,29.0,1692395999806
0.0,0.0,5.973,29.0,1692395999874
35.163673400878906,139.61300659179688,5.973,29.0,1692395999874
0.0,0.0,5.952,29.0,1692395999943
0.0,0.0,6.025,29.0,1692396000015
0.0,0.0,6.067,29.0,1692396000089
0.0,0.0,6.056,29.0,1692396000170
0.0,0.0,6.056,29.0,1692396000242
0.0,0.0,6.015,29.0,1692396000293
0.0,0.0,6.056,29.0,1692396000368
0.0,0.0,6.056,29.0,1692396000438
0.0,0.0,6.067,29.0,1692396000507
0.0,0.0,6.036,29.0,1692396000576
0.0,0.0,6.067,29.0,1692396000645
0.0,0.0,6.077,29.0,1692396000719
0.0,0.0,6.046,29.0,1692396000787
0.0,0.0,5.994,29.0,1692396000858
0.0,0.0,5.911,29.0,1692396000932
35.16367721557617,139.6129913330078,5.911,29.0,1692396000932
0.0,0.0,5.952,29.0,1692396001005
0.0,0.0,5.973,29.0,1692396001063
0.0,0.0,6.004,29.0,1692396001135
0.0,0.0,5.942,29.0,1692396001204
0.0,0.0,5.973,29.0,1692396001273
0.0,0.0,5.973,29.0,1692396001408
0.0,0.0,6.036,29.0,1692396001415
0.0,0.0,6.015,29.0,1692396001485
0.0,0.0,6.025,29.0,1692396001585
0.0,0.0,6.056,29.0,1692396001629
0.0,0.0,6.16,29.0,1692396001696
0.0,0.0,6.275,29.0,1692396001768
0.0,0.0,6.233,29.0,1692396001841
0.0,0.0,6.202,29.0,1692396001904
35.16368103027344,139.61297607421875,6.202,29.0,1692396001904
0.0,0.0,6.192,29.0,1692396001972
0.0,0.0,6.244,29.0,1692396002050
0.0,0.0,6.244,29.0,1692396002116
0.0,0.0,6.254,29.0,1692396002186
0.0,0.0,6.202,29.0,1692396002281
0.0,0.0,6.223,29.0,1692396002358
0.0,0.0,6.275,29.0,1692396002397
0.0,0.0,6.244,29.0,1692396002464
0.0,0.0,6.202,29.0,1692396002537
0.0,0.0,6.14,29.0,1692396002607
0.0,0.0,6.16,29.0,1692396002677
0.0,0.0,6.181,29.0,1692396002747
0.0,0.0,6.212,29.0,1692396002816
0.0,0.0,6.16,29.0,1692396002887
35.1636848449707,139.6129608154297,6.16,29.0,1692396002887
0.0,0.0,6.15,29.0,1692396002954
0.0,0.0,6.15,29.0,1692396003024
0.0,0.0,6.15,29.0,1692396003093
0.0,0.0,6.15,29.0,1692396003169
0.0,0.0,6.14,29.0,1692396003232
0.0,0.0,6.15,29.0,1692396003304
0.0,0.0,6.14,29.0,1692396003374
0.0,0.0,6.171,29.0,1692396003444
0.0,0.0,6.14,29.0,1692396003520
0.0,0.0,6.119,29.0,1692396003587
0.0,0.0,6.108,29.0,1692396003657
0.0,0.0,6.108,29.0,1692396003728
0.0,0.0,6.119,29.0,1692396003805
0.0,0.0,6.14,29.0,1692396003886
35.163692474365234,139.6129608154297,6.14,29.0,1692396003886
0.0,0.0,6.108,29.0,1692396003937
0.0,0.0,6.098,29.0,1692396004030
0.0,0.0,6.108,29.0,1692396004076
0.0,0.0,6.108,29.0,1692396004145
0.0,0.0,6.088,29.0,1692396004233
0.0,0.0,6.067,29.0,1692396004341
0.0,0.0,6.077,29.0,1692396004356
0.0,0.0,6.067,29.0,1692396004453
0.0,0.0,6.046,29.0,1692396004495
0.0,0.0,6.025,29.0,1692396004567
0.0,0.0,5.973,29.0,1692396004668
0.0,0.0,5.973,29.0,1692396004705
0.0,0.0,5.984,29.0,1692396004784
0.0,0.0,5.963,29.0,1692396004845
