0.0,0.0,17.296,16.6,1647039434955
0.0,0.0,17.296,16.6,1647039435096
0.0,0.0,17.286,16.6,1647039435238
0.0,0.0,17.286,16.6,1647039435246
0.0,0.0,17.286,16.6,1647039435302
0.0,0.0,17.275,16.6,1647039435372
0.0,0.0,17.265,16.6,1647039435445
0.0,0.0,17.254,16.6,1647039435526
0.0,0.0,17.254,16.6,1647039435583
0.0,0.0,17.234,16.6,1647039435653
0.0,0.0,17.234,16.6,1647039435724
0.0,0.0,17.223,16.6,1647039435792
0.0,0.0,17.213,16.6,1647039435862
0.0,0.0,17.202,16.6,1647039435935
0.0,0.0,17.202,16.6,1647039436005
0.0,0.0,17.202,16.6,1647039436075
0.0,0.0,17.192,16.6,1647039436145
0.0,0.0,17.192,16.6,1647039436216
0.0,0.0,17.192,16.6,1647039436286
0.0,0.0,17.202,16.6,1647039436359
0.0,0.0,17.192,16.6,1647039436427
0.0,0.0,17.192,16.6,1647039436498
0.0,0.0,17.213,16.6,1647039436569
0.0,0.0,17.202,16.6,1647039436635
0.0,0.0,17.223,16.6,1647039436708
0.0,0.0,17.213,16.6,1647039436777
0.0,0.0,17.223,16.6,1647039436847
0.0,0.0,17.223,16.6,1647039436948
0.0,0.0,17.223,16.6,1647039436986
0.0,0.0,17.223,16.6,1647039437057
0.0,0.0,17.223,16.6,1647039437128
0.0,0.0,17.223,16.6,1647039437207
0.0,0.0,17.223,16.6,1647039437300
0.0,0.0,17.213,16.6,1647039437336
0.0,0.0,17.202,16.6,1647039437412
0.0,0.0,17.202,16.6,1647039437478
0.0,0.0,17.202,16.6,1647039437567
0.0,0.0,17.202,16.6,1647039437618
0.0,0.0,17.202,16.6,1647039437686
0.0,0.0,17.202,16.6,1647039437757
0.0,0.0,17.202,16.6,1647039437838
0.0,0.0,17.213,16.6,1647039437927
0.0,0.0,17.213,16.6,1647039437966
0.0,0.0,17.223,16.6,1647039438038
0.0,0.0,17.234,16.6,1647039438107
0.0,0.0,17.234,16.6,1647039438177
0.0,0.0,17.244,16.6,1647039438246
0.0,0.0,17.254,16.6,1647039438318
0.0,0.0,17.265,16.6,1647039438389
0.0,0.0,17.265,16.6,1647039438456
0.0,0.0,17.286,16.6,1647039438526
0.0,0.0,17.275,16.6,1647039438597
0.0,0.0,17.286,16.6,1647039438666
0.0,0.0,17.286,16.6,1647039438737
0.0,0.0,17.286,16.6,1647039438807
0.0,0.0,17.296,16.6,1647039438878
0.0,0.0,17.286,16.6,1647039438948
0.0,0.0,17.286,16.6,1647039439018
0.0,0.0,17.275,16.6,1647039439088
0.0,0.0,17.265,16.6,1647039439158
0.0,0.0,17.244,16.6,1647039439231
0.0,0.0,17.223,16.6,1647039439297
0.0,0.0,17.213,16.6,1647039439369
0.0,0.0,17.202,16.6,1647039439438
0.0,0.0,17.202,16.6,1647039439507
0.0,0.0,17.192,16.6,1647039439576
0.0,0.0,17.171,16.6,1647039439647
0.0,0.0,17.171,16.6,1647039439716
0.0,0.0,17.171,16.6,1647039439787
0.0,0.0,17.181,16.6,1647039439858
0.0,0.0,17.181,16.6,1647039439928
0.0,0.0,17.192,16.6,1647039440001
0.0,0.0,17.192,16.6,1647039440073
0.0,0.0,17.192,16.6,1647039440136
0.0,0.0,17.202,16.6,1647039440209
0.0,0.0,17.202,16.6,1647039440281
0.0,0.0,17.202,16.6,1647039440348
0.0,0.0,17.202,16.6,1647039440418
0.0,0.0,17.192,16.6,1647039440486
0.0,0.0,17.192,16.6,1647039440558
0.0,0.0,17.192,16.6,1647039440626
0.0,0.0,17.192,16.6,1647039440699
0.0,0.0,17.181,16.6,1647039440764
0.0,0.0,17.181,16.6,1647039440849
0.0,0.0,17.171,16.6,1647039440902
0.0,0.0,17.171,16.6,1647039440978
0.0,0.0,17.171,16.6,1647039441049
0.0,0.0,17.171,16.6,1647039441117
0.0,0.0,17.171,16.6,1647039441186
0.0,0.0,17.171,16.6,1647039441262
0.0,0.0,17.181,16.6,1647039441327
0.0,0.0,17.181,16.6,1647039441400
0.0,0.0,17.192,16.6,1647039441466
0.0,0.0,17.192,16.6,1647039441538
0.0,0.0,17.181,16.6,1647039441607
0.0,0.0,17.192,16.6,1647039441682
0.0,0.0,17.181,16.6,1647039441772
0.0,0.0,17.181,16.6,1647039441822
0.0,0.0,17.181,16.6,1647039441888
0.0,0.0,17.171,16.6,1647039441957
0.0,0.0,17.171,16.6,1647039442042
0.0,0.0,17.171,16.6,1647039442133
0.0,0.0,17.15,16.6,1647039442171
0.0,0.0,17.15,16.6,1647039442237
0.0,0.0,17.15,16.6,1647039442311
0.0,0.0,17.15,16.6,1647039442402
0.0,0.0,17.15,16.6,1647039442447
0.0,0.0,17.15,16.6,1647039442516
0.0,0.0,17.15,16.6,1647039442585
0.0,0.0,17.15,16.6,1647039442658
0.0,0.0,17.15,16.6,1647039442727
0.0,0.0,17.14,16.6,1647039442797
0.0,0.0,17.14,16.6,1647039442870
0.0,0.0,17.129,16.6,1647039442937
0.0,0.0,17.14,16.6,1647039443007
0.0,0.0,17.14,16.6,1647039443078
0.0,0.0,17.14,16.6,1647039443146
0.0,0.0,17.14,16.6,1647039443217
0.0,0.0,17.129,16.6,1647039443287
0.0,0.0,17.129,16.6,1647039443358
0.0,0.0,17.129,16.6,1647039443429
0.0,0.0,17.14,16.6,1647039443496
0.0,0.0,17.14,16.6,1647039443568
0.0,0.0,17.15,16.6,1647039443637
0.0,0.0,17.15,16.6,1647039443708
0.0,0.0,17.161,16.6,1647039443778
0.0,0.0,17.171,16.6,1647039443848
0.0,0.0,17.171,16.6,1647039443916
0.0,0.0,17.192,16.6,1647039443988
0.0,0.0,17.202,16.6,1647039444058
0.0,0.0,17.202,16.6,1647039444127
0.0,0.0,17.213,16.6,1647039444197
0.0,0.0,17.223,16.6,1647039444267
0.0,0.0,17.223,16.6,1647039444337
0.0,0.0,17.244,16.6,1647039444407
0.0,0.0,17.244,16.6,1647039444479
0.0,0.0,17.254,16.6,1647039444547
0.0,0.0,17.254,16.6,1647039444617
0.0,0.0,17.265,16.6,1647039444686
0.0,0.0,17.265,16.6,1647039444758
0.0,0.0,17.265,16.6,1647039444830
0.0,0.0,17.265,16.6,1647039444898
0.0,0.0,17.265,16.6,1647039444969
0.0,0.0,17.265,16.6,1647039445039
0.0,0.0,17.254,16.6,1647039445106
0.0,0.0,17.234,16.6,1647039445176
0.0,0.0,17.223,16.6,1647039445246
0.0,0.0,17.202,16.6,1647039445317
0.0,0.0,17.192,16.6,1647039445387
0.0,0.0,17.171,16.6,1647039445458
0.0,0.0,17.161,16.6,1647039445527
0.0,0.0,17.15,16.6,1647039445598
0.0,0.0,17.14,16.6,1647039445666
0.0,0.0,17.129,16.6,1647039445739
0.0,0.0,17.129,16.6,1647039445830
0.0,0.0,17.129,16.6,1647039445878
0.0,0.0,17.14,16.6,1647039445950
0.0,0.0,17.14,16.6,1647039446017
0.0,0.0,17.15,16.6,1647039446099
0.0,0.0,17.161,16.6,1647039446190
0.0,0.0,17.171,16.6,1647039446227
0.0,0.0,17.192,16.6,1647039446298
0.0,0.0,17.202,16.6,1647039446369
0.0,0.0,17.213,16.6,1647039446459
0.0,0.0,17.234,16.6,1647039446513
0.0,0.0,17.234,16.6,1647039446577
0.0,0.0,17.234,16.6,1647039446647
0.0,0.0,17.244,16.6,1647039446717
0.0,0.0,17.254,16.6,1647039446786
0.0,0.0,17.254,16.6,1647039446857
0.0,0.0,17.254,16.6,1647039446928
0.0,0.0,17.254,16.6,1647039446997
0.0,0.0,17.265,16.6,1647039447067
0.0,0.0,17.265,16.6,1647039447137
0.0,0.0,17.275,16.6,1647039447206
0.0,0.0,17.275,16.6,1647039447276
0.0,0.0,17.275,16.6,1647039447348
0.0,0.0,17.275,16.6,1647039447416
0.0,0.0,17.275,16.6,1647039447487
0.0,0.0,17.275,16.6,1647039447559
0.0,0.0,17.265,16.6,1647039447629
0.0,0.0,17.254,16.6,1647039447713
0.0,0.0,17.254,16.6,1647039447765
0.0,0.0,17.244,16.6,1647039447836
0.0,0.0,17.223,16.6,1647039447907
0.0,0.0,17.202,16.6,1647039447976
0.0,0.0,17.192,16.6,1647039448047
0.0,0.0,17.171,16.6,1647039448117
0.0,0.0,17.15,16.6,1647039448187
0.0,0.0,17.15,16.6,1647039448257
0.0,0.0,17.14,16.6,1647039448328
0.0,0.0,17.14,16.6,1647039448398
0.0,0.0,17.14,16.6,1647039448467
0.0,0.0,17.15,16.6,1647039448537
0.0,0.0,17.15,16.6,1647039448606
0.0,0.0,17.161,16.6,1647039448678
0.0,0.0,17.171,16.6,1647039448746
0.0,0.0,17.181,16.6,1647039448817
0.0,0.0,17.202,16.6,1647039448888
0.0,0.0,17.213,16.6,1647039448957
0.0,0.0,17.223,16.6,1647039449029
0.0,0.0,17.223,16.6,1647039449098
0.0,0.0,17.223,16.6,1647039449167
0.0,0.0,17.234,16.6,1647039449237
0.0,0.0,17.223,16.6,1647039449308
0.0,0.0,17.234,16.6,1647039449388
0.0,0.0,17.223,16.6,1647039449478
0.0,0.0,17.213,16.6,1647039449518
0.0,0.0,17.202,16.6,1647039449589
0.0,0.0,17.192,16.6,1647039449657
0.0,0.0,17.192,16.6,1647039449751
0.0,0.0,17.171,16.6,1647039449797
0.0,0.0,17.171,16.6,1647039449868
0.0,0.0,17.161,16.6,1647039449938
0.0,0.0,17.161,16.6,1647039450017
0.0,0.0,17.161,16.8,1647039450108
0.0,0.0,17.15,16.8,1647039450147
0.0,0.0,17.15,16.8,1647039450222
0.0,0.0,17.15,16.8,1647039450285
0.0,0.0,17.15,16.8,1647039450357
0.0,0.0,17.15,16.8,1647039450425
0.0,0.0,17.14,16.8,1647039450498
0.0,0.0,17.14,16.8,1647039450567
0.0,0.0,17.129,16.8,1647039450639
0.0,0.0,17.129,16.8,1647039450708
0.0,0.0,17.129,16.8,1647039450777
0.0,0.0,17.119,16.8,1647039450847
0.0,0.0,17.119,16.8,1647039450919
0.0,0.0,17.119,16.8,1647039450987
0.0,0.0,17.109,16.8,1647039451058
0.0,0.0,17.109,16.8,1647039451127
0.0,0.0,17.098,16.8,1647039451198
0.0,0.0,17.098,16.8,1647039451267
0.0,0.0,17.088,16.8,1647039451337
0.0,0.0,17.088,16.8,1647039451407
0.0,0.0,17.077,16.8,1647039451477
0.0,0.0,17.077,16.8,1647039451547
0.0,0.0,17.067,16.8,1647039451615
0.0,0.0,17.077,16.8,1647039451686
0.0,0.0,17.077,16.8,1647039451756
0.0,0.0,17.067,16.8,1647039451828
0.0,0.0,17.077,16.8,1647039451897
0.0,0.0,17.088,16.8,1647039451967
0.0,0.0,17.088,16.8,1647039452041
0.0,0.0,17.088,16.8,1647039452107
0.0,0.0,17.098,16.8,1647039452177
0.0,0.0,17.098,16.8,1647039452248
0.0,0.0,17.098,16.8,1647039452317
0.0,0.0,17.109,16.8,1647039452389
0.0,0.0,17.098,16.8,1647039452458
0.0,0.0,17.088,16.8,1647039452526
0.0,0.0,17.088,16.8,1647039452597
0.0,0.0,17.088,16.8,1647039452668
0.0,0.0,17.088,16.8,1647039452737
0.0,0.0,17.088,16.8,1647039452808
0.0,0.0,17.077,16.8,1647039452876
0.0,0.0,17.077,16.8,1647039452948
0.0,0.0,17.077,16.8,1647039453022
0.0,0.0,17.077,16.6,1647039453087
0.0,0.0,17.077,16.6,1647039453158
0.0,0.0,17.088,16.6,1647039453226
0.0,0.0,17.098,16.6,1647039453296
0.0,0.0,17.119,16.6,1647039453367
0.0,0.0,17.129,16.6,1647039453439
0.0,0.0,17.14,16.6,1647039453509
0.0,0.0,17.161,16.6,1647039453577
0.0,0.0,17.181,16.6,1647039453648
0.0,0.0,17.181,16.6,1647039453720
0.0,0.0,17.202,16.6,1647039453787
0.0,0.0,17.213,16.6,1647039453856
0.0,0.0,17.223,16.6,1647039453936
0.0,0.0,17.234,16.6,1647039454026
0.0,0.0,17.244,16.6,1647039454071
0.0,0.0,17.234,16.6,1647039454135
0.0,0.0,17.223,16.6,1647039454280
0.0,0.0,17.234,16.6,1647039454285
0.0,0.0,17.223,16.6,1647039454421
0.0,0.0,17.213,16.6,1647039454430
0.0,0.0,17.213,16.6,1647039454573
0.0,0.0,17.202,16.6,1647039454582
0.0,0.0,17.192,16.6,1647039454723
0.0,0.0,17.192,16.6,1647039454732
0.0,0.0,17.181,16.6,1647039454848
0.0,0.0,17.181,16.6,1647039454855
0.0,0.0,17.181,16.6,1647039454905
0.0,0.0,17.181,16.6,1647039454977
0.0,0.0,17.181,16.6,1647039455062
0.0,0.0,17.171,16.6,1647039455185
0.0,0.0,17.171,16.6,1647039455290
0.0,0.0,17.171,16.6,1647039455325
0.0,0.0,17.171,16.6,1647039455411
0.0,0.0,17.171,16.6,1647039455505
0.0,0.0,17.171,16.6,1647039455535
0.0,0.0,17.171,16.6,1647039455614
0.0,0.0,17.161,16.6,1647039455676
0.0,0.0,17.161,16.6,1647039455790
0.0,0.0,17.15,16.6,1647039455815
0.0,0.0,17.15,16.6,1647039455885
0.0,0.0,17.14,16.6,1647039455957
0.0,0.0,17.14,16.6,1647039456029
0.0,0.0,17.129,16.6,1647039456100
0.0,0.0,17.129,16.6,1647039456167
0.0,0.0,17.119,16.6,1647039456237
0.0,0.0,17.119,16.6,1647039456312
0.0,0.0,17.109,16.6,1647039456375
0.0,0.0,17.109,16.6,1647039456448
0.0,0.0,17.119,16.6,1647039456516
0.0,0.0,17.119,16.6,1647039456587
0.0,0.0,17.119,16.6,1647039456657
0.0,0.0,17.119,16.6,1647039456728
0.0,0.0,17.129,16.6,1647039456797
0.0,0.0,17.14,16.6,1647039456867
0.0,0.0,17.15,16.6,1647039456939
0.0,0.0,17.171,16.6,1647039457010
0.0,0.0,17.181,16.6,1647039457077
0.0,0.0,17.202,16.6,1647039457147
0.0,0.0,17.223,16.6,1647039457217
0.0,0.0,17.234,16.6,1647039457288
0.0,0.0,17.244,16.6,1647039457361
0.0,0.0,17.254,16.6,1647039457426
0.0,0.0,17.254,16.6,1647039457498
0.0,0.0,17.265,16.6,1647039457565
0.0,0.0,17.254,16.6,1647039457637
0.0,0.0,17.254,16.6,1647039457706
0.0,0.0,17.254,16.6,1647039457777
0.0,0.0,17.244,16.6,1647039457849
0.0,0.0,17.223,16.6,1647039457919
0.0,0.0,17.202,16.6,1647039457987
0.0,0.0,17.192,16.6,1647039458057
0.0,0.0,17.171,16.6,1647039458144
0.0,0.0,17.15,16.6,1647039458198
0.0,0.0,17.14,16.6,1647039458267
0.0,0.0,17.109,16.6,1647039458338
0.0,0.0,17.098,16.6,1647039458413
0.0,0.0,17.088,16.6,1647039458506
0.0,0.0,17.067,16.6,1647039458546
0.0,0.0,17.057,16.6,1647039458616
0.0,0.0,17.036,16.6,1647039458687
0.0,0.0,17.036,16.6,1647039458777
0.0,0.0,17.025,16.6,1647039458823
0.0,0.0,17.015,16.6,1647039458898
0.0,0.0,17.015,16.6,1647039458968
0.0,0.0,17.015,16.6,1647039459036
0.0,0.0,17.015,16.6,1647039459107
0.0,0.0,17.005,16.6,1647039459178
0.0,0.0,17.005,16.6,1647039459250
0.0,0.0,17.005,16.6,1647039459317
0.0,0.0,17.015,16.6,1647039459386
0.0,0.0,17.015,16.6,1647039459457
0.0,0.0,17.015,16.6,1647039459526
0.0,0.0,17.015,16.6,1647039459598
0.0,0.0,17.036,16.6,1647039459667
0.0,0.0,17.036,16.6,1647039459738
0.0,0.0,17.046,16.6,1647039459807
0.0,0.0,17.046,16.6,1647039459877
0.0,0.0,17.057,16.6,1647039459950
0.0,0.0,17.067,16.6,1647039460019
0.0,0.0,17.077,16.6,1647039460087
0.0,0.0,17.098,16.6,1647039460158
0.0,0.0,17.109,16.6,1647039460227
0.0,0.0,17.129,16.6,1647039460298
0.0,0.0,17.161,16.6,1647039460371
0.0,0.0,17.181,16.6,1647039460436
0.0,0.0,17.213,16.6,1647039460508
0.0,0.0,17.234,16.6,1647039460573
0.0,0.0,17.254,16.6,1647039460647
0.0,0.0,17.275,16.6,1647039460717
0.0,0.0,17.296,16.6,1647039460787
0.0,0.0,17.306,16.6,1647039460857
0.0,0.0,17.317,16.6,1647039460928
35.16447067260742,139.6055145263672,17.317,16.6,1647039460928
0.0,0.0,17.317,16.6,1647039460995
0.0,0.0,17.317,16.6,1647039461063
0.0,0.0,17.306,16.6,1647039461137
0.0,0.0,17.286,16.6,1647039461208
0.0,0.0,17.275,16.6,1647039461278
0.0,0.0,17.265,16.6,1647039461348
0.0,0.0,17.234,16.6,1647039461416
0.0,0.0,17.213,16.6,1647039461486
0.0,0.0,17.181,16.6,1647039461560
0.0,0.0,17.15,16.6,1647039461625
0.0,0.0,17.129,16.6,1647039461698
0.0,0.0,17.109,16.6,1647039461767
0.0,0.0,17.088,16.6,1647039461873
0.0,0.0,17.067,16.6,1647039461910
0.0,0.0,17.057,16.6,1647039461977
0.0,0.0,17.036,16.6,1647039462046
0.0,0.0,17.036,16.6,1647039462131
0.0,0.0,17.025,16.6,1647039462216
0.0,0.0,17.015,16.6,1647039462368
0.0,0.0,17.025,16.6,1647039462375
0.0,0.0,17.015,16.6,1647039462396
0.0,0.0,17.015,16.6,1647039462487
0.0,0.0,17.025,16.6,1647039462536
0.0,0.0,17.025,16.6,1647039462607
0.0,0.0,17.036,16.6,1647039462676
0.0,0.0,17.036,16.6,1647039462759
0.0,0.0,17.046,16.6,1647039462851
0.0,0.0,17.046,16.6,1647039462888
0.0,0.0,17.057,16.6,1647039462969
35.164466857910156,139.60552978515625,17.057,16.6,1647039462969
0.0,0.0,17.057,16.6,1647039463025
0.0,0.0,17.067,16.6,1647039463096
0.0,0.0,17.067,16.6,1647039463166
0.0,0.0,17.067,16.6,1647039463237
0.0,0.0,17.077,16.6,1647039463307
0.0,0.0,17.077,16.6,1647039463377
0.0,0.0,17.088,16.6,1647039463446
0.0,0.0,17.077,16.6,1647039463515
0.0,0.0,17.088,16.6,1647039463588
0.0,0.0,17.088,16.6,1647039463657
0.0,0.0,17.098,16.6,1647039463725
0.0,0.0,17.109,16.6,1647039463797
0.0,0.0,17.119,16.6,1647039463867
0.0,0.0,17.129,16.6,1647039463939
0.0,0.0,17.129,16.6,1647039464009
0.0,0.0,17.14,16.6,1647039464077
0.0,0.0,17.14,16.6,1647039464143
0.0,0.0,17.15,16.6,1647039464214
0.0,0.0,17.171,16.6,1647039464283
0.0,0.0,17.181,16.6,1647039464424
0.0,0.0,17.202,16.6,1647039464431
0.0,0.0,17.202,16.6,1647039464493
0.0,0.0,17.213,16.6,1647039464566
0.0,0.0,17.213,16.6,1647039464637
0.0,0.0,17.223,16.6,1647039464706
0.0,0.0,17.223,16.6,1647039464777
0.0,0.0,17.213,16.6,1647039464848
0.0,0.0,17.213,16.6,1647039464918
0.0,0.0,17.202,16.6,1647039464986
0.0,0.0,17.181,16.6,1647039465057
0.0,0.0,17.181,16.6,1647039465129
0.0,0.0,17.161,16.6,1647039465201
0.0,0.0,17.15,16.6,1647039465266
0.0,0.0,17.129,16.6,1647039465336
0.0,0.0,17.119,16.6,1647039465407
0.0,0.0,17.088,16.6,1647039465476
0.0,0.0,17.077,16.6,1647039465546
0.0,0.0,17.077,16.6,1647039465618
0.0,0.0,17.057,16.6,1647039465686
0.0,0.0,17.036,16.6,1647039465755
0.0,0.0,17.036,16.6,1647039465861
0.0,0.0,17.025,16.6,1647039465896
0.0,0.0,17.015,16.6,1647039465967
0.0,0.0,17.005,16.6,1647039466040
0.0,0.0,17.005,16.6,1647039466122
0.0,0.0,17.005,16.6,1647039466210
0.0,0.0,17.015,16.6,1647039466247
0.0,0.0,17.015,16.6,1647039466319
0.0,0.0,17.015,16.6,1647039466390
0.0,0.0,17.036,16.6,1647039466481
0.0,0.0,17.036,16.6,1647039466526
0.0,0.0,17.046,16.6,1647039466596
0.0,0.0,17.046,16.6,1647039466668
0.0,0.0,17.067,16.6,1647039466751
0.0,0.0,17.067,16.6,1647039466841
0.0,0.0,17.077,16.6,1647039466881
0.0,0.0,17.077,16.6,1647039466955
35.16446304321289,139.6055450439453,17.077,16.6,1647039466955
0.0,0.0,17.088,16.6,1647039467013
0.0,0.0,17.088,16.6,1647039467085
0.0,0.0,17.098,16.6,1647039467156
0.0,0.0,17.098,16.6,1647039467235
0.0,0.0,17.098,16.6,1647039467296
0.0,0.0,17.098,16.6,1647039467367
0.0,0.0,17.109,16.6,1647039467433
0.0,0.0,17.109,16.6,1647039467507
0.0,0.0,17.109,16.6,1647039467577
0.0,0.0,17.109,16.6,1647039467646
0.0,0.0,17.119,16.6,1647039467717
0.0,0.0,17.119,16.6,1647039467788
0.0,0.0,17.119,16.6,1647039467858
0.0,0.0,17.119,16.6,1647039467927
0.0,0.0,17.129,16.6,1647039467998
0.0,0.0,17.14,16.6,1647039468065
0.0,0.0,17.129,16.6,1647039468135
0.0,0.0,17.129,16.6,1647039468204
0.0,0.0,17.14,16.6,1647039468278
0.0,0.0,17.129,16.6,1647039468345
0.0,0.0,17.14,16.6,1647039468413
0.0,0.0,17.15,16.6,1647039468486
0.0,0.0,17.14,16.6,1647039468556
0.0,0.0,17.15,16.6,1647039468627
0.0,0.0,17.15,16.6,1647039468698
0.0,0.0,17.15,16.6,1647039468771
0.0,0.0,17.15,16.6,1647039468838
0.0,0.0,17.161,16.6,1647039468907
0.0,0.0,17.161,16.6,1647039468980
0.0,0.0,17.15,16.6,1647039469046
0.0,0.0,17.15,16.6,1647039469120
0.0,0.0,17.129,16.6,1647039469187
0.0,0.0,17.129,16.6,1647039469259
0.0,0.0,17.119,16.6,1647039469325
0.0,0.0,17.109,16.6,1647039469397
0.0,0.0,17.098,16.6,1647039469468
0.0,0.0,17.088,16.6,1647039469535
0.0,0.0,17.077,16.6,1647039469657
0.0,0.0,17.067,16.6,1647039469674
0.0,0.0,17.067,16.6,1647039469745
0.0,0.0,17.057,16.6,1647039469815
0.0,0.0,17.057,16.6,1647039469888
0.0,0.0,17.067,16.6,1647039469960
0.0,0.0,17.057,16.6,1647039470026
0.0,0.0,17.057,16.6,1647039470097
0.0,0.0,17.067,16.6,1647039470167
0.0,0.0,17.067,16.6,1647039470238
0.0,0.0,17.067,16.6,1647039470328
0.0,0.0,17.077,16.6,1647039470376
0.0,0.0,17.067,16.6,1647039470447
0.0,0.0,17.067,16.6,1647039470516
0.0,0.0,17.057,16.6,1647039470599
0.0,0.0,17.067,16.6,1647039470689
0.0,0.0,17.057,16.6,1647039470731
0.0,0.0,17.057,16.6,1647039470796
0.0,0.0,17.057,16.6,1647039470868
0.0,0.0,17.057,16.6,1647039470961
0.0,0.0,17.057,16.6,1647039471009
0.0,0.0,17.057,16.6,1647039471083
0.0,0.0,17.067,16.6,1647039471148
0.0,0.0,17.067,16.6,1647039471216
0.0,0.0,17.077,16.6,1647039471287
0.0,0.0,17.088,16.6,1647039471359
0.0,0.0,17.098,16.6,1647039471425
0.0,0.0,17.098,16.6,1647039471497
0.0,0.0,17.109,16.6,1647039471567
0.0,0.0,17.119,16.6,1647039471635
0.0,0.0,17.129,16.6,1647039471707
0.0,0.0,17.129,16.6,1647039471778
0.0,0.0,17.129,16.6,1647039471852
0.0,0.0,17.14,16.6,1647039471917
0.0,0.0,17.14,16.6,1647039471986
35.164466857910156,139.60556030273438,17.14,16.6,1647039471986
0.0,0.0,17.15,16.6,1647039472053
0.0,0.0,17.15,16.6,1647039472127
0.0,0.0,17.161,16.6,1647039472198
0.0,0.0,17.171,16.6,1647039472267
0.0,0.0,17.181,16.6,1647039472336
0.0,0.0,17.192,16.6,1647039472406
0.0,0.0,17.202,16.6,1647039472476
0.0,0.0,17.213,16.6,1647039472548
0.0,0.0,17.223,16.6,1647039472618
0.0,0.0,17.213,16.6,1647039472686
0.0,0.0,17.223,16.6,1647039472756
0.0,0.0,17.213,16.6,1647039472827
0.0,0.0,17.213,16.6,1647039472899
0.0,0.0,17.202,16.6,1647039472966
0.0,0.0,17.202,16.6,1647039473033
0.0,0.0,17.171,16.6,1647039473103
0.0,0.0,17.15,16.6,1647039473174
0.0,0.0,17.129,16.6,1647039473328
0.0,0.0,17.119,16.6,1647039473331
0.0,0.0,17.088,16.6,1647039473389
0.0,0.0,17.067,16.6,1647039473455
0.0,0.0,17.046,16.6,1647039473527
0.0,0.0,17.025,16.6,1647039473598
0.0,0.0,17.015,16.6,1647039473666
0.0,0.0,17.005,16.6,1647039473757
0.0,0.0,16.994,16.6,1647039473836
0.0,0.0,16.984,16.6,1647039473881
0.0,0.0,16.984,16.6,1647039473948
0.0,0.0,16.973,16.6,1647039474017
0.0,0.0,16.973,16.6,1647039474104
0.0,0.0,16.973,16.6,1647039474155
0.0,0.0,16.973,16.6,1647039474275
0.0,0.0,16.973,16.6,1647039474304
0.0,0.0,16.984,16.6,1647039474445
0.0,0.0,16.984,16.6,1647039474587
0.0,0.0,16.963,16.6,1647039474596
0.0,0.0,16.963,16.6,1647039474745
0.0,0.0,16.973,16.6,1647039474751
0.0,0.0,16.984,16.6,1647039474789
0.0,0.0,16.984,16.6,1647039474855
0.0,0.0,16.994,16.6,1647039474934
0.0,0.0,17.005,16.6,1647039475031
0.0,0.0,17.015,16.6,1647039475066
0.0,0.0,17.036,16.6,1647039475151
0.0,0.0,17.046,16.6,1647039475248
0.0,0.0,17.057,16.6,1647039475277
0.0,0.0,17.057,16.6,1647039475369
0.0,0.0,17.067,16.6,1647039475486
0.0,0.0,17.088,16.6,1647039475585
0.0,0.0,17.088,16.6,1647039475633
0.0,0.0,17.098,16.6,1647039475696
0.0,0.0,17.109,16.6,1647039475767
0.0,0.0,17.109,16.6,1647039475838
0.0,0.0,17.109,16.6,1647039475907
0.0,0.0,17.109,16.6,1647039475977
0.0,0.0,17.119,16.6,1647039476045
0.0,0.0,17.119,16.6,1647039476117
0.0,0.0,17.129,16.6,1647039476186
0.0,0.0,17.14,16.6,1647039476257
0.0,0.0,17.14,16.6,1647039476327
0.0,0.0,17.15,16.6,1647039476398
0.0,0.0,17.171,16.6,1647039476469
0.0,0.0,17.181,16.6,1647039476537
0.0,0.0,17.181,16.6,1647039476606
0.0,0.0,17.192,16.6,1647039476680
0.0,0.0,17.192,16.6,1647039476748
0.0,0.0,17.192,16.6,1647039476817
0.0,0.0,17.192,16.6,1647039476886
0.0,0.0,17.181,16.6,1647039476957
0.0,0.0,17.171,16.6,1647039477026
0.0,0.0,17.15,16.6,1647039477097
0.0,0.0,17.129,16.6,1647039477167
0.0,0.0,17.109,16.6,1647039477237
0.0,0.0,17.077,16.6,1647039477304
0.0,0.0,17.057,16.6,1647039477379
0.0,0.0,17.025,16.6,1647039477446
0.0,0.0,17.005,16.6,1647039477516
0.0,0.0,16.994,16.6,1647039477588
0.0,0.0,16.984,16.6,1647039477656
0.0,0.0,16.973,16.6,1647039477726
0.0,0.0,16.973,16.6,1647039477797
0.0,0.0,16.984,16.6,1647039477867
0.0,0.0,16.994,16.6,1647039477937
0.0,0.0,17.005,16.6,1647039478007
0.0,0.0,17.025,16.6,1647039478109
0.0,0.0,17.046,16.6,1647039478147
0.0,0.0,17.077,16.6,1647039478216
0.0,0.0,17.088,16.6,1647039478286
0.0,0.0,17.109,16.6,1647039478365
0.0,0.0,17.129,16.6,1647039478453
0.0,0.0,17.129,16.6,1647039478502
0.0,0.0,17.129,16.6,1647039478566
0.0,0.0,17.14,16.6,1647039478636
0.0,0.0,17.14,16.6,1647039478722
0.0,0.0,17.129,16.6,1647039478778
0.0,0.0,17.129,16.6,1647039478848
0.0,0.0,17.129,16.6,1647039478918
0.0,0.0,17.119,16.6,1647039478995
0.0,0.0,17.109,16.6,1647039479084
0.0,0.0,17.109,16.6,1647039479126
0.0,0.0,17.109,16.6,1647039479197
0.0,0.0,17.098,16.6,1647039479269
0.0,0.0,17.109,16.6,1647039479337
0.0,0.0,17.109,16.6,1647039479405
0.0,0.0,17.109,16.6,1647039479476
0.0,0.0,17.119,16.6,1647039479546
0.0,0.0,17.109,16.6,1647039479616
0.0,0.0,17.119,16.6,1647039479686
0.0,0.0,17.109,16.6,1647039479757
0.0,0.0,17.098,16.6,1647039479827
0.0,0.0,17.109,16.6,1647039479897
0.0,0.0,17.098,16.6,1647039479968
0.0,0.0,17.088,16.6,1647039480037
0.0,0.0,17.077,16.6,1647039480106
0.0,0.0,17.057,16.6,1647039480175
0.0,0.0,17.046,16.6,1647039480247
0.0,0.0,17.046,16.6,1647039480318
0.0,0.0,17.025,16.6,1647039480387
0.0,0.0,17.025,16.6,1647039480457
0.0,0.0,17.015,16.6,1647039480527
0.0,0.0,17.015,16.6,1647039480601
0.0,0.0,17.005,16.6,1647039480667
0.0,0.0,17.005,16.6,1647039480739
0.0,0.0,17.005,16.6,1647039480807
0.0,0.0,17.005,16.6,1647039480876
0.0,0.0,16.994,16.6,1647039480946
0.0,0.0,17.005,16.6,1647039481016
0.0,0.0,16.994,16.6,1647039481084
0.0,0.0,16.994,16.6,1647039481157
0.0,0.0,16.984,16.6,1647039481228
0.0,0.0,16.984,16.6,1647039481296
0.0,0.0,16.973,16.6,1647039481368
0.0,0.0,16.963,16.6,1647039481436
0.0,0.0,16.953,16.6,1647039481507
0.0,0.0,16.942,16.6,1647039481577
0.0,0.0,16.942,16.6,1647039481645
0.0,0.0,16.942,16.6,1647039481717
0.0,0.0,16.942,16.6,1647039481786
0.0,0.0,16.932,16.6,1647039481858
0.0,0.0,16.932,16.6,1647039481927
0.0,0.0,16.932,16.6,1647039482022
0.0,0.0,16.942,16.6,1647039482101
0.0,0.0,16.942,16.6,1647039482138
0.0,0.0,16.953,16.6,1647039482206
0.0,0.0,16.963,16.6,1647039482285
0.0,0.0,16.973,16.6,1647039482372
0.0,0.0,16.994,16.6,1647039482416
0.0,0.0,17.005,16.6,1647039482486
0.0,0.0,17.005,16.6,1647039482558
0.0,0.0,17.025,16.6,1647039482642
0.0,0.0,17.025,16.6,1647039482766
0.0,0.0,17.046,16.6,1647039482838
0.0,0.0,17.046,16.6,1647039482913
0.0,0.0,17.046,16.6,1647039483005
0.0,0.0,17.046,16.6,1647039483047
0.0,0.0,17.046,16.6,1647039483119
0.0,0.0,17.046,16.6,1647039483185
0.0,0.0,17.046,16.6,1647039483257
0.0,0.0,17.046,16.6,1647039483325
0.0,0.0,17.046,16.6,1647039483398
0.0,0.0,17.046,16.6,1647039483467
0.0,0.0,17.046,16.6,1647039483537
0.0,0.0,17.046,16.6,1647039483608
0.0,0.0,17.057,16.6,1647039483678
0.0,0.0,17.067,16.6,1647039483747
0.0,0.0,17.057,16.6,1647039483818
0.0,0.0,17.067,16.6,1647039483887
0.0,0.0,17.077,16.6,1647039483956
0.0,0.0,17.077,16.6,1647039484026
0.0,0.0,17.088,16.6,1647039484097
0.0,0.0,17.098,16.6,1647039484166
0.0,0.0,17.088,16.6,1647039484237
0.0,0.0,17.088,16.6,1647039484306
0.0,0.0,17.098,16.6,1647039484378
0.0,0.0,17.098,16.6,1647039484446
0.0,0.0,17.088,16.6,1647039484519
0.0,0.0,17.088,16.6,1647039484586
0.0,0.0,17.098,16.6,1647039484656
0.0,0.0,17.098,16.6,1647039484726
0.0,0.0,17.119,16.6,1647039484796
0.0,0.0,17.119,16.6,1647039484867
0.0,0.0,17.129,16.6,1647039484937
0.0,0.0,17.14,16.6,1647039485007
0.0,0.0,17.161,16.6,1647039485075
0.0,0.0,17.161,16.6,1647039485147
0.0,0.0,17.181,16.6,1647039485216
0.0,0.0,17.192,16.6,1647039485287
0.0,0.0,17.202,16.6,1647039485356
0.0,0.0,17.213,16.6,1647039485426
0.0,0.0,17.213,16.6,1647039485498
0.0,0.0,17.202,16.6,1647039485566
0.0,0.0,17.181,16.6,1647039485635
0.0,0.0,17.171,16.6,1647039485706
0.0,0.0,17.161,16.6,1647039485777
0.0,0.0,17.14,16.6,1647039485847
0.0,0.0,17.109,16.6,1647039485916
0.0,0.0,17.098,16.6,1647039485987
0.0,0.0,17.067,16.6,1647039486057
0.0,0.0,17.046,16.6,1647039486125
0.0,0.0,17.015,16.6,1647039486194
0.0,0.0,16.994,16.6,1647039486304
0.0,0.0,16.984,16.6,1647039486340
0.0,0.0,16.973,16.6,1647039486406
0.0,0.0,16.973,16.6,1647039486476
0.0,0.0,16.963,16.6,1647039486558
0.0,0.0,16.963,16.6,1647039486647
0.0,0.0,16.973,16.6,1647039486690
0.0,0.0,16.963,16.6,1647039486760
0.0,0.0,16.963,16.6,1647039486826
0.0,0.0,16.973,16.6,1647039486913
0.0,0.0,16.973,16.6,1647039486967
0.0,0.0,16.984,16.6,1647039487037
0.0,0.0,16.984,16.6,1647039487107
0.0,0.0,16.984,16.6,1647039487186
0.0,0.0,16.963,16.6,1647039487282
0.0,0.0,16.963,16.6,1647039487319
0.0,0.0,16.963,16.6,1647039487386
0.0,0.0,16.963,16.6,1647039487456
0.0,0.0,16.953,16.6,1647039487528
0.0,0.0,16.953,16.6,1647039487596
0.0,0.0,16.953,16.6,1647039487667
0.0,0.0,16.953,16.6,1647039487736
0.0,0.0,16.953,16.6,1647039487806
0.0,0.0,16.953,16.6,1647039487882
0.0,0.0,16.963,16.6,1647039487946
0.0,0.0,16.963,16.6,1647039488018
0.0,0.0,16.973,16.6,1647039488086
0.0,0.0,16.973,16.6,1647039488159
0.0,0.0,16.973,16.6,1647039488227
0.0,0.0,16.994,16.6,1647039488297
0.0,0.0,16.994,16.6,1647039488367
0.0,0.0,16.994,16.6,1647039488437
0.0,0.0,17.005,16.6,1647039488507
0.0,0.0,17.005,16.6,1647039488577
0.0,0.0,17.005,16.6,1647039488646
0.0,0.0,17.015,16.6,1647039488716
0.0,0.0,17.015,16.6,1647039488787
0.0,0.0,17.025,16.6,1647039488857
0.0,0.0,17.015,16.6,1647039488927
0.0,0.0,17.005,16.6,1647039488999
0.0,0.0,17.005,16.6,1647039489067
0.0,0.0,17.015,16.6,1647039489133
0.0,0.0,17.005,16.6,1647039489211
0.0,0.0,17.005,16.6,1647039489283
0.0,0.0,16.994,16.6,1647039489346
0.0,0.0,16.994,16.6,1647039489415
0.0,0.0,16.994,16.6,1647039489486
0.0,0.0,16.984,16.6,1647039489557
0.0,0.0,16.984,16.6,1647039489626
0.0,0.0,16.984,16.6,1647039489696
0.0,0.0,16.984,16.6,1647039489769
0.0,0.0,16.994,16.6,1647039489838
0.0,0.0,16.994,16.6,1647039489907
0.0,0.0,16.994,16.6,1647039489977
0.0,0.0,16.994,16.6,1647039490048
0.0,0.0,16.994,16.6,1647039490116
0.0,0.0,16.994,16.6,1647039490186
0.0,0.0,16.994,16.6,1647039490259
0.0,0.0,17.005,16.6,1647039490327
0.0,0.0,17.005,16.6,1647039490396
0.0,0.0,17.005,16.6,1647039490466
0.0,0.0,17.015,16.6,1647039490537
0.0,0.0,17.015,16.6,1647039490606
0.0,0.0,17.015,16.6,1647039490676
0.0,0.0,17.015,16.6,1647039490746
0.0,0.0,17.015,16.6,1647039490815
0.0,0.0,17.025,16.6,1647039490888
0.0,0.0,17.025,16.6,1647039490978
0.0,0.0,17.046,16.6,1647039491026
0.0,0.0,17.046,16.6,1647039491096
0.0,0.0,17.046,16.6,1647039491166
0.0,0.0,17.057,16.6,1647039491246
0.0,0.0,17.067,16.6,1647039491337
0.0,0.0,17.067,16.6,1647039491377
0.0,0.0,17.088,16.6,1647039491449
0.0,0.0,17.088,16.6,1647039491518
0.0,0.0,17.109,16.6,1647039491605
0.0,0.0,17.119,16.6,1647039491657
0.0,0.0,17.119,16.6,1647039491727
0.0,0.0,17.129,16.6,1647039491799
0.0,0.0,17.129,16.6,1647039491869
0.0,0.0,17.14,16.6,1647039491938
0.0,0.0,17.129,16.6,1647039492006
0.0,0.0,17.129,16.6,1647039492075
0.0,0.0,17.119,16.6,1647039492145
0.0,0.0,17.109,16.6,1647039492215
0.0,0.0,17.088,16.6,1647039492286
0.0,0.0,17.077,16.6,1647039492357
0.0,0.0,17.057,16.6,1647039492426
0.0,0.0,17.036,16.6,1647039492497
0.0,0.0,17.015,16.6,1647039492569
0.0,0.0,16.994,16.6,1647039492636
0.0,0.0,16.973,16.6,1647039492703
0.0,0.0,16.942,16.6,1647039492776
0.0,0.0,16.921,16.6,1647039492847
0.0,0.0,16.911,16.6,1647039492917
0.0,0.0,16.89,16.6,1647039492986
0.0,0.0,16.869,16.6,1647039493056
0.0,0.0,16.859,16.6,1647039493127
0.0,0.0,16.859,16.6,1647039493200
0.0,0.0,16.859,16.6,1647039493266
0.0,0.0,16.859,16.6,1647039493336
0.0,0.0,16.859,16.6,1647039493407
0.0,0.0,16.869,16.6,1647039493476
0.0,0.0,16.88,16.6,1647039493546
0.0,0.0,16.88,16.6,1647039493617
0.0,0.0,16.9,16.6,1647039493685
0.0,0.0,16.911,16.6,1647039493758
0.0,0.0,16.921,16.6,1647039493826
0.0,0.0,16.942,16.6,1647039493897
0.0,0.0,16.953,16.6,1647039493966
0.0,0.0,16.963,16.6,1647039494036
0.0,0.0,16.973,16.6,1647039494106
0.0,0.0,16.984,16.6,1647039494226
0.0,0.0,17.005,16.6,1647039494245
0.0,0.0,17.005,16.6,1647039494315
0.0,0.0,17.015,16.6,1647039494417
0.0,0.0,17.036,16.6,1647039494456
0.0,0.0,17.036,16.6,1647039494555
0.0,0.0,17.046,16.6,1647039494597
0.0,0.0,17.057,16.6,1647039494718
0.0,0.0,17.057,16.6,1647039494745
0.0,0.0,17.057,16.6,1647039494884
0.0,0.0,17.057,16.6,1647039494897
0.0,0.0,17.057,16.6,1647039495007
0.0,0.0,17.057,16.6,1647039495086
0.0,0.0,17.057,16.6,1647039495186
0.0,0.0,17.057,16.6,1647039495233
0.0,0.0,17.046,16.6,1647039495346
0.0,0.0,17.046,16.6,1647039495366
0.0,0.0,17.036,16.6,1647039495448
0.0,0.0,17.036,16.6,1647039495507
0.0,0.0,17.025,16.6,1647039495612
0.0,0.0,17.025,16.6,1647039495647
0.0,0.0,17.015,16.6,1647039495733
0.0,0.0,17.005,16.6,1647039495830
0.0,0.0,16.994,16.6,1647039495857
0.0,0.0,17.005,16.6,1647039495958
0.0,0.0,16.994,16.6,1647039495996
0.0,0.0,16.994,16.6,1647039496067
0.0,0.0,16.984,16.6,1647039496135
0.0,0.0,16.984,16.6,1647039496206
0.0,0.0,16.984,16.6,1647039496276
0.0,0.0,16.984,16.6,1647039496347
0.0,0.0,16.994,16.6,1647039496416
0.0,0.0,16.994,16.6,1647039496487
0.0,0.0,16.994,16.6,1647039496557
0.0,0.0,17.005,16.6,1647039496625
0.0,0.0,17.005,16.6,1647039496696
0.0,0.0,17.015,16.6,1647039496765
0.0,0.0,17.025,16.6,1647039496839
0.0,0.0,17.025,16.6,1647039496906
0.0,0.0,17.036,16.6,1647039496977
0.0,0.0,17.036,16.6,1647039497046
0.0,0.0,17.036,16.6,1647039497117
0.0,0.0,17.036,16.6,1647039497188
0.0,0.0,17.046,16.6,1647039497258
0.0,0.0,17.046,16.6,1647039497326
0.0,0.0,17.036,16.6,1647039497398
0.0,0.0,17.036,16.6,1647039497466
0.0,0.0,17.036,16.6,1647039497536
0.0,0.0,17.025,16.6,1647039497605
0.0,0.0,17.025,16.6,1647039497675
0.0,0.0,17.025,16.6,1647039497746
0.0,0.0,17.015,16.6,1647039497816
0.0,0.0,17.015,16.6,1647039497885
0.0,0.0,17.015,16.6,1647039497956
0.0,0.0,17.005,16.6,1647039498029
0.0,0.0,17.015,16.6,1647039498093
0.0,0.0,17.015,16.6,1647039498167
0.0,0.0,17.015,16.6,1647039498239
0.0,0.0,17.015,16.6,1647039498305
0.0,0.0,17.025,16.6,1647039498376
0.0,0.0,17.025,16.6,1647039498446
0.0,0.0,17.015,16.6,1647039498513
0.0,0.0,17.025,16.6,1647039498588
0.0,0.0,17.025,16.6,1647039498670
0.0,0.0,17.015,16.6,1647039498751
0.0,0.0,17.015,16.6,1647039498806
0.0,0.0,17.005,16.6,1647039498867
0.0,0.0,17.015,16.6,1647039498938
0.0,0.0,17.015,16.6,1647039499020
0.0,0.0,17.015,16.6,1647039499110
0.0,0.0,17.015,16.6,1647039499147
0.0,0.0,17.015,16.6,1647039499219
0.0,0.0,17.015,16.6,1647039499288
0.0,0.0,17.015,16.6,1647039499378
0.0,0.0,17.015,16.6,1647039499424
0.0,0.0,17.015,16.6,1647039499499
0.0,0.0,17.015,16.6,1647039499567
0.0,0.0,17.015,16.6,1647039499649
0.0,0.0,17.005,16.6,1647039499706
0.0,0.0,16.994,16.6,1647039499774
0.0,0.0,16.994,16.6,1647039499850
0.0,0.0,16.973,16.6,1647039499917
0.0,0.0,16.973,16.6,1647039499986
0.0,0.0,16.973,16.6,1647039500059
0.0,0.0,16.953,16.6,1647039500126
0.0,0.0,16.953,16.6,1647039500200
0.0,0.0,16.963,16.6,1647039500266
0.0,0.0,16.963,16.6,1647039500335
0.0,0.0,16.963,16.6,1647039500406
0.0,0.0,16.973,16.6,1647039500477
0.0,0.0,16.984,16.6,1647039500546
0.0,0.0,17.005,16.6,1647039500618
0.0,0.0,17.015,16.6,1647039500687
0.0,0.0,17.025,16.6,1647039500758
0.0,0.0,17.046,16.6,1647039500826
0.0,0.0,17.057,16.6,1647039500896
0.0,0.0,17.067,16.6,1647039500968
0.0,0.0,17.067,16.6,1647039501035
0.0,0.0,17.067,16.6,1647039501106
0.0,0.0,17.067,16.6,1647039501178
0.0,0.0,17.067,16.6,1647039501246
0.0,0.0,17.057,16.6,1647039501318
0.0,0.0,17.036,16.6,1647039501386
0.0,0.0,17.015,16.6,1647039501456
0.0,0.0,17.005,16.6,1647039501527
0.0,0.0,16.973,16.6,1647039501598
0.0,0.0,16.963,16.6,1647039501666
0.0,0.0,16.932,16.6,1647039501737
0.0,0.0,16.921,16.6,1647039501806
0.0,0.0,16.911,16.6,1647039501878
0.0,0.0,16.911,16.6,1647039501947
0.0,0.0,16.89,16.6,1647039502018
0.0,0.0,16.88,16.6,1647039502088
0.0,0.0,16.88,16.6,1647039502156
0.0,0.0,16.89,16.6,1647039502226
0.0,0.0,16.89,16.6,1647039502296
0.0,0.0,16.9,16.6,1647039502365
0.0,0.0,16.9,16.6,1647039502436
0.0,0.0,16.911,16.6,1647039502507
0.0,0.0,16.921,16.6,1647039502578
0.0,0.0,16.932,16.6,1647039502645
0.0,0.0,16.953,16.6,1647039502723
0.0,0.0,16.963,16.6,1647039502789
0.0,0.0,16.963,16.6,1647039502855
0.0,0.0,16.973,16.6,1647039502948
0.0,0.0,16.984,16.6,1647039503000
0.0,0.0,16.994,16.6,1647039503066
0.0,0.0,16.994,16.6,1647039503137
0.0,0.0,17.005,16.6,1647039503217
0.0,0.0,17.005,16.6,1647039503305
0.0,0.0,17.005,16.6,1647039503348
0.0,0.0,17.005,16.6,1647039503415
0.0,0.0,17.005,16.6,1647039503486
0.0,0.0,17.005,16.6,1647039503577
0.0,0.0,17.015,16.6,1647039503632
0.0,0.0,17.005,16.6,1647039503699
0.0,0.0,17.005,16.6,1647039503766
0.0,0.0,16.994,16.6,1647039503840
0.0,0.0,16.984,16.6,1647039503906
0.0,0.0,16.973,16.6,1647039503977
0.0,0.0,16.963,16.6,1647039504043
0.0,0.0,16.963,16.8,1647039504113
0.0,0.0,16.963,16.8,1647039504189
0.0,0.0,16.963,16.8,1647039504259
0.0,0.0,16.973,16.8,1647039504323
0.0,0.0,16.973,16.8,1647039504398
0.0,0.0,16.984,16.8,1647039504468
0.0,0.0,16.994,16.8,1647039504537
0.0,0.0,17.015,16.8,1647039504606
0.0,0.0,17.015,16.8,1647039504678
0.0,0.0,17.046,16.8,1647039504747
0.0,0.0,17.046,16.8,1647039504817
0.0,0.0,17.067,16.8,1647039504884
0.0,0.0,17.067,16.8,1647039504957
0.0,0.0,17.077,16.8,1647039505026
0.0,0.0,17.077,16.8,1647039505096
0.0,0.0,17.077,16.8,1647039505166
0.0,0.0,17.067,16.8,1647039505236
0.0,0.0,17.067,16.8,1647039505307
0.0,0.0,17.057,16.8,1647039505377
0.0,0.0,17.046,16.8,1647039505446
0.0,0.0,17.046,16.8,1647039505516
0.0,0.0,17.015,16.8,1647039505585
0.0,0.0,17.015,16.8,1647039505655
0.0,0.0,17.005,16.8,1647039505724
0.0,0.0,16.994,16.8,1647039505796
0.0,0.0,16.994,16.8,1647039505867
0.0,0.0,16.984,16.8,1647039505938
0.0,0.0,16.984,16.8,1647039506006
0.0,0.0,17.015,16.8,1647039506076
0.0,0.0,17.015,16.8,1647039506147
0.0,0.0,17.025,16.8,1647039506219
0.0,0.0,17.025,16.8,1647039506287
0.0,0.0,17.036,16.8,1647039506357
0.0,0.0,17.036,16.8,1647039506427
0.0,0.0,17.046,16.8,1647039506497
0.0,0.0,17.046,16.8,1647039506566
0.0,0.0,17.046,16.8,1647039506637
0.0,0.0,17.046,16.8,1647039506707
0.0,0.0,17.057,16.8,1647039506777
0.0,0.0,17.057,16.8,1647039506847
0.0,0.0,17.015,16.8,1647039506917
0.0,0.0,17.005,16.8,1647039506986
0.0,0.0,16.994,16.8,1647039507069
0.0,0.0,16.994,16.8,1647039507148
0.0,0.0,16.994,16.8,1647039507195
0.0,0.0,16.994,16.8,1647039507266
0.0,0.0,16.994,16.8,1647039507336
0.0,0.0,16.994,16.8,1647039507418
0.0,0.0,17.005,16.8,1647039507509
0.0,0.0,17.015,16.8,1647039507547
0.0,0.0,17.015,16.8,1647039507616
0.0,0.0,17.015,16.8,1647039507687
0.0,0.0,17.046,16.8,1647039507778
0.0,0.0,17.067,16.8,1647039507825
0.0,0.0,17.077,16.8,1647039507899
0.0,0.0,17.088,16.8,1647039507966
0.0,0.0,17.109,16.8,1647039508051
0.0,0.0,17.119,16.8,1647039508110
0.0,0.0,17.119,16.8,1647039508177
0.0,0.0,17.119,16.8,1647039508247
0.0,0.0,17.109,16.8,1647039508317
0.0,0.0,17.098,16.8,1647039508386
0.0,0.0,17.098,16.8,1647039508458
0.0,0.0,17.098,16.8,1647039508529
0.0,0.0,17.088,16.8,1647039508597
0.0,0.0,17.077,16.8,1647039508667
0.0,0.0,17.077,16.8,1647039508735
0.0,0.0,17.067,16.8,1647039508808
0.0,0.0,17.057,16.8,1647039508876
0.0,0.0,17.036,16.8,1647039508947
35.16447067260742,139.6055450439453,17.036,16.8,1647039508947
0.0,0.0,17.036,16.8,1647039509016
0.0,0.0,17.036,16.8,1647039509084
0.0,0.0,17.036,16.8,1647039509155
0.0,0.0,17.036,16.8,1647039509225
0.0,0.0,17.057,16.8,1647039509296
0.0,0.0,17.057,16.8,1647039509367
0.0,0.0,17.057,16.8,1647039509436
0.0,0.0,17.057,16.8,1647039509504
0.0,0.0,17.046,16.8,1647039509576
0.0,0.0,17.046,16.8,1647039509647
0.0,0.0,17.025,16.8,1647039509715
0.0,0.0,17.036,16.8,1647039509791
0.0,0.0,17.036,16.8,1647039509858
0.0,0.0,17.015,16.8,1647039509925
35.16447448730469,139.60552978515625,17.015,16.8,1647039509925
0.0,0.0,17.025,16.8,1647039510007
0.0,0.0,17.025,16.8,1647039510065
0.0,0.0,17.005,16.6,1647039510133
0.0,0.0,17.005,16.6,1647039510204
0.0,0.0,17.015,16.6,1647039510349
0.0,0.0,17.025,16.6,1647039510351
0.0,0.0,17.046,16.6,1647039510411
0.0,0.0,17.067,16.6,1647039510485
0.0,0.0,17.088,16.6,1647039510556
0.0,0.0,17.098,16.6,1647039510626
0.0,0.0,17.129,16.6,1647039510696
0.0,0.0,17.161,16.6,1647039510770
0.0,0.0,17.181,16.6,1647039510837
0.0,0.0,17.202,16.6,1647039510905
0.0,0.0,17.213,16.6,1647039510977
0.0,0.0,17.234,16.6,1647039511042
0.0,0.0,17.244,16.6,1647039511113
0.0,0.0,17.254,16.6,1647039511190
0.0,0.0,17.265,16.6,1647039511303
0.0,0.0,17.254,16.6,1647039511335
0.0,0.0,17.254,16.6,1647039511395
0.0,0.0,17.265,16.6,1647039511467
0.0,0.0,17.275,16.6,1647039511551
0.0,0.0,17.275,16.6,1647039511676
0.0,0.0,17.286,16.6,1647039511743
0.0,0.0,17.296,16.6,1647039511821
0.0,0.0,17.296,16.6,1647039511912
0.0,0.0,17.296,16.6,1647039511960
35.16448211669922,139.6055145263672,17.296,16.6,1647039511960
0.0,0.0,17.296,16.6,1647039512023
0.0,0.0,17.296,16.6,1647039512097
0.0,0.0,17.306,16.6,1647039512166
0.0,0.0,17.317,16.6,1647039512236
0.0,0.0,17.327,16.6,1647039512307
0.0,0.0,17.317,16.6,1647039512377
0.0,0.0,17.317,16.6,1647039512446
0.0,0.0,17.317,16.6,1647039512515
0.0,0.0,17.317,16.6,1647039512587
0.0,0.0,17.296,16.6,1647039512655
0.0,0.0,17.306,16.6,1647039512728
0.0,0.0,17.296,16.6,1647039512798
0.0,0.0,17.306,16.6,1647039512867
0.0,0.0,17.306,16.6,1647039512937
0.0,0.0,17.296,16.6,1647039513007
0.0,0.0,17.286,16.6,1647039513077
0.0,0.0,17.275,16.8,1647039513142
0.0,0.0,17.275,16.8,1647039513217
0.0,0.0,17.254,16.8,1647039513286
0.0,0.0,17.244,16.8,1647039513356
0.0,0.0,17.234,16.8,1647039513424
0.0,0.0,17.234,16.8,1647039513496
0.0,0.0,17.223,16.8,1647039513566
0.0,0.0,17.223,16.8,1647039513635
0.0,0.0,17.223,16.8,1647039513706
0.0,0.0,17.213,16.8,1647039513777
0.0,0.0,17.213,16.8,1647039513846
0.0,0.0,17.213,16.8,1647039513917
35.164493560791016,139.60549926757812,17.213,16.8,1647039513917
0.0,0.0,17.223,16.8,1647039513983
0.0,0.0,17.234,16.8,1647039514055
0.0,0.0,17.244,16.8,1647039514125
0.0,0.0,17.244,16.8,1647039514195
0.0,0.0,17.254,16.8,1647039514266
0.0,0.0,17.254,16.8,1647039514356
0.0,0.0,17.254,16.8,1647039514457
0.0,0.0,17.265,16.8,1647039514475
0.0,0.0,17.254,16.8,1647039514559
0.0,0.0,17.254,16.8,1647039514656
0.0,0.0,17.254,16.8,1647039514686
0.0,0.0,17.254,16.8,1647039514781
0.0,0.0,17.254,16.8,1647039514896
0.0,0.0,17.254,16.8,1647039514966
0.0,0.0,17.254,16.8,1647039515101
0.0,0.0,17.275,16.8,1647039515174
0.0,0.0,17.286,16.8,1647039515272
0.0,0.0,17.296,16.8,1647039515320
0.0,0.0,17.317,16.8,1647039515410
0.0,0.0,17.327,16.8,1647039515504
0.0,0.0,17.338,16.8,1647039515524
0.0,0.0,17.348,16.8,1647039515636
0.0,0.0,17.348,16.8,1647039515685
0.0,0.0,17.358,16.8,1647039515766
0.0,0.0,17.358,16.8,1647039515815
0.0,0.0,17.358,16.8,1647039515881
0.0,0.0,17.369,16.8,1647039515999
35.16450500488281,139.60549926757812,17.369,16.8,1647039515999
0.0,0.0,17.358,16.8,1647039516015
0.0,0.0,17.358,16.6,1647039516083
0.0,0.0,17.358,16.6,1647039516165
0.0,0.0,17.348,16.6,1647039516226
0.0,0.0,17.358,16.6,1647039516296
0.0,0.0,17.348,16.6,1647039516364
0.0,0.0,17.348,16.6,1647039516436
0.0,0.0,17.358,16.6,1647039516510
0.0,0.0,17.369,16.6,1647039516585
0.0,0.0,17.369,16.6,1647039516648
0.0,0.0,17.379,16.6,1647039516722
0.0,0.0,17.379,16.6,1647039516791
0.0,0.0,17.379,16.6,1647039516858
0.0,0.0,17.39,16.6,1647039516931
0.0,0.0,17.39,16.6,1647039517000
0.0,0.0,17.379,16.6,1647039517064
0.0,0.0,17.39,16.6,1647039517133
0.0,0.0,17.369,16.6,1647039517202
0.0,0.0,17.369,16.6,1647039517277
0.0,0.0,17.358,16.6,1647039517345
0.0,0.0,17.338,16.6,1647039517416
0.0,0.0,17.338,16.6,1647039517487
0.0,0.0,17.317,16.6,1647039517557
0.0,0.0,17.306,16.6,1647039517628
0.0,0.0,17.296,16.6,1647039517697
0.0,0.0,17.296,16.6,1647039517767
0.0,0.0,17.296,16.6,1647039517837
0.0,0.0,17.275,16.6,1647039517908
0.0,0.0,17.275,16.6,1647039517975
0.0,0.0,17.265,16.6,1647039518046
0.0,0.0,17.275,16.6,1647039518117
0.0,0.0,17.275,16.6,1647039518186
0.0,0.0,17.275,16.6,1647039518257
0.0,0.0,17.286,16.6,1647039518326
0.0,0.0,17.286,16.6,1647039518396
0.0,0.0,17.296,16.6,1647039518467
0.0,0.0,17.306,16.6,1647039518537
0.0,0.0,17.306,16.6,1647039518607
0.0,0.0,17.317,16.6,1647039518676
0.0,0.0,17.327,16.6,1647039518755
0.0,0.0,17.338,16.6,1647039518816
0.0,0.0,17.348,16.6,1647039518887
0.0,0.0,17.358,16.6,1647039518970
35.16451644897461,139.60548400878906,17.358,16.6,1647039518970
0.0,0.0,17.358,16.6,1647039519023
0.0,0.0,17.369,16.6,1647039519095
0.0,0.0,17.379,16.6,1647039519169
0.0,0.0,17.39,16.6,1647039519239
0.0,0.0,17.4,16.6,1647039519306
0.0,0.0,17.41,16.6,1647039519403
0.0,0.0,17.421,16.6,1647039519450
0.0,0.0,17.442,16.6,1647039519520
0.0,0.0,17.452,16.6,1647039519586
0.0,0.0,17.452,16.6,1647039519671
0.0,0.0,17.462,16.6,1647039519756
0.0,0.0,17.462,16.6,1647039519797
0.0,0.0,17.473,16.6,1647039519868
0.0,0.0,17.494,16.6,1647039519936
0.0,0.0,17.494,16.6,1647039520026
0.0,0.0,17.494,16.6,1647039520077
0.0,0.0,17.494,16.6,1647039520149
0.0,0.0,17.494,16.6,1647039520243
0.0,0.0,17.514,16.6,1647039520768
0.0,0.0,17.514,16.6,1647039520807
0.0,0.0,17.514,16.6,1647039520913
35.164527893066406,139.60548400878906,17.514,16.6,1647039520913
0.0,0.0,17.494,16.6,1647039521017
0.0,0.0,17.494,16.6,1647039521120
0.0,0.0,17.483,16.6,1647039521221
0.0,0.0,17.462,16.6,1647039521325
0.0,0.0,17.442,16.6,1647039521427
0.0,0.0,17.431,16.6,1647039521533
0.0,0.0,17.421,16.6,1647039521643
0.0,0.0,17.41,16.6,1647039521739
0.0,0.0,17.379,16.6,1647039521842
0.0,0.0,17.348,16.6,1647039521946
0.0,0.0,17.306,16.6,1647039522050
0.0,0.0,17.296,16.6,1647039522143
0.0,0.0,17.286,16.6,1647039522253
0.0,0.0,17.306,16.6,1647039522353
0.0,0.0,17.296,16.6,1647039522454
0.0,0.0,17.296,16.6,1647039522558
0.0,0.0,17.317,16.6,1647039522818
0.0,0.0,17.317,16.6,1647039522885
0.0,0.0,17.317,16.6,1647039522958
0.0,0.0,17.338,16.6,1647039523030
0.0,0.0,17.358,16.6,1647039523102
0.0,0.0,17.39,16.6,1647039523169
0.0,0.0,17.421,16.6,1647039523246
0.0,0.0,17.431,16.6,1647039523338
0.0,0.0,17.452,16.6,1647039523380
0.0,0.0,17.431,16.6,1647039523447
0.0,0.0,17.452,16.6,1647039523517
0.0,0.0,17.462,16.6,1647039523606
0.0,0.0,17.462,16.6,1647039523662
0.0,0.0,17.462,16.6,1647039523725
0.0,0.0,17.473,16.6,1647039523798
0.0,0.0,17.462,16.6,1647039524064
35.1645393371582,139.60548400878906,17.462,16.6,1647039524064
0.0,0.0,17.452,16.6,1647039524109
0.0,0.0,17.442,16.6,1647039524181
0.0,0.0,17.421,16.6,1647039524253
0.0,0.0,17.41,16.6,1647039524322
0.0,0.0,17.4,16.6,1647039524391
0.0,0.0,17.4,16.6,1647039524462
0.0,0.0,17.379,16.6,1647039524532
0.0,0.0,17.379,16.6,1647039524603
0.0,0.0,17.369,16.6,1647039524674
0.0,0.0,17.369,16.6,1647039524744
0.0,0.0,17.358,16.6,1647039524945
0.0,0.0,17.348,16.6,1647039525037
0.0,0.0,17.369,16.6,1647039525142
0.0,0.0,17.369,16.6,1647039525243
0.0,0.0,17.39,16.6,1647039525351
0.0,0.0,17.4,16.6,1647039525453
0.0,0.0,17.4,16.6,1647039525557
0.0,0.0,17.421,16.6,1647039525658
0.0,0.0,17.431,16.6,1647039525760
0.0,0.0,17.442,16.6,1647039525869
0.0,0.0,17.452,16.6,1647039525966
0.0,0.0,17.473,16.6,1647039526110
0.0,0.0,17.504,16.6,1647039526199
0.0,0.0,17.525,16.6,1647039526288
0.0,0.0,17.504,16.6,1647039526384
0.0,0.0,17.514,16.6,1647039526486
0.0,0.0,17.514,16.6,1647039526587
0.0,0.0,17.514,16.6,1647039526687
0.0,0.0,17.514,16.6,1647039526827
0.0,0.0,17.525,16.6,1647039526901
0.0,0.0,17.525,16.6,1647039527005
0.0,0.0,17.525,16.6,1647039527108
0.0,0.0,17.546,16.6,1647039527210
0.0,0.0,17.514,16.6,1647039527310
0.0,0.0,17.504,16.6,1647039527417
0.0,0.0,17.494,16.6,1647039527520
0.0,0.0,17.514,16.6,1647039527623
0.0,0.0,17.514,16.6,1647039527724
0.0,0.0,17.525,16.6,1647039527834
0.0,0.0,17.535,16.6,1647039527935
35.1645393371582,139.60549926757812,17.535,16.6,1647039527935
0.0,0.0,17.535,16.6,1647039528033
0.0,0.0,17.525,16.6,1647039528135
0.0,0.0,17.504,16.6,1647039528238
0.0,0.0,17.494,16.6,1647039528343
0.0,0.0,17.483,16.6,1647039528447
0.0,0.0,17.483,16.6,1647039528547
0.0,0.0,17.483,16.6,1647039528648
0.0,0.0,17.473,16.6,1647039528755
0.0,0.0,17.462,16.6,1647039528855
0.0,0.0,17.442,16.6,1647039528959
0.0,0.0,17.431,16.6,1647039529064
0.0,0.0,17.379,16.6,1647039529167
0.0,0.0,17.379,16.6,1647039529270
0.0,0.0,17.39,16.6,1647039529377
0.0,0.0,17.39,16.6,1647039529478
0.0,0.0,17.41,16.6,1647039529587
0.0,0.0,17.421,16.6,1647039529683
0.0,0.0,17.421,16.6,1647039529786
0.0,0.0,17.41,16.6,1647039529896
0.0,0.0,17.431,16.6,1647039529993
0.0,0.0,17.452,16.6,1647039530095
0.0,0.0,17.462,16.6,1647039530201
0.0,0.0,17.473,16.6,1647039530306
0.0,0.0,17.504,16.6,1647039530409
0.0,0.0,17.514,16.6,1647039530513
0.0,0.0,17.525,16.6,1647039530650
0.0,0.0,17.514,16.6,1647039530734
0.0,0.0,17.494,16.6,1647039530823
0.0,0.0,17.504,16.6,1647039530923
0.0,0.0,17.514,16.6,1647039531025
0.0,0.0,17.535,16.6,1647039531130
0.0,0.0,17.514,16.6,1647039531238
0.0,0.0,17.504,16.6,1647039531368
0.0,0.0,17.504,16.6,1647039531456
0.0,0.0,17.514,16.6,1647039531548
0.0,0.0,17.504,16.6,1647039531657
0.0,0.0,17.514,16.6,1647039531764
0.0,0.0,17.504,16.6,1647039531853
0.0,0.0,17.514,16.6,1647039532004
0.0,0.0,17.525,16.6,1647039532065
0.0,0.0,17.535,16.6,1647039532166
0.0,0.0,17.535,16.6,1647039532271
0.0,0.0,17.556,16.6,1647039532372
0.0,0.0,17.556,16.6,1647039532474
0.0,0.0,17.567,16.6,1647039532578
0.0,0.0,17.577,16.6,1647039532683
0.0,0.0,17.577,16.6,1647039532784
0.0,0.0,17.577,16.6,1647039532886
0.0,0.0,17.577,16.6,1647039532989
0.0,0.0,17.587,16.6,1647039533094
0.0,0.0,17.577,16.6,1647039533199
0.0,0.0,17.577,16.6,1647039533301
0.0,0.0,17.546,16.6,1647039533403
0.0,0.0,17.535,16.6,1647039533506
0.0,0.0,17.514,16.6,1647039533611
0.0,0.0,17.504,16.6,1647039533717
0.0,0.0,17.494,16.6,1647039533817
0.0,0.0,17.483,16.6,1647039533923
0.0,0.0,17.494,16.6,1647039534025
0.0,0.0,17.504,16.6,1647039534135
0.0,0.0,17.514,16.6,1647039534269
0.0,0.0,17.514,16.6,1647039534333
0.0,0.0,17.535,16.6,1647039534440
0.0,0.0,17.546,16.6,1647039534552
0.0,0.0,17.567,16.6,1647039534677
0.0,0.0,17.567,16.6,1647039534755
0.0,0.0,17.587,16.6,1647039534849
0.0,0.0,17.598,16.6,1647039534971
0.0,0.0,17.608,16.6,1647039535056
0.0,0.0,17.619,16.6,1647039535334
0.0,0.0,17.608,16.6,1647039535376
0.0,0.0,17.587,16.6,1647039535484
0.0,0.0,17.567,16.6,1647039535573
0.0,0.0,17.556,16.6,1647039535676
0.0,0.0,17.514,16.6,1647039535780
0.0,0.0,17.514,16.6,1647039535890
0.0,0.0,17.525,16.6,1647039535988
0.0,0.0,17.535,16.6,1647039536098
0.0,0.0,17.535,16.6,1647039536199
0.0,0.0,17.525,16.6,1647039536299
0.0,0.0,17.525,16.6,1647039536403
0.0,0.0,17.514,16.6,1647039536504
0.0,0.0,17.525,16.6,1647039536606
0.0,0.0,17.535,16.6,1647039536711
0.0,0.0,17.546,16.6,1647039536809
0.0,0.0,17.556,16.6,1647039536912
0.0,0.0,17.587,16.6,1647039537015
0.0,0.0,17.567,16.6,1647039537115
0.0,0.0,17.535,16.6,1647039537220
0.0,0.0,17.514,16.6,1647039537323
0.0,0.0,17.514,16.6,1647039537427
0.0,0.0,17.504,16.6,1647039537532
0.0,0.0,17.483,16.6,1647039537639
0.0,0.0,17.483,16.6,1647039537740
0.0,0.0,17.473,16.6,1647039537837
0.0,0.0,17.442,16.6,1647039537942
0.0,0.0,17.421,16.6,1647039538042
0.0,0.0,17.4,16.6,1647039538149
0.0,0.0,17.39,16.6,1647039538252
0.0,0.0,17.39,16.6,1647039538354
0.0,0.0,17.4,16.6,1647039538457
0.0,0.0,17.4,16.6,1647039538558
0.0,0.0,17.41,16.6,1647039538687
0.0,0.0,17.421,16.6,1647039538775
0.0,0.0,17.431,16.6,1647039538869
0.0,0.0,17.431,16.6,1647039538975
0.0,0.0,17.452,16.6,1647039539080
0.0,0.0,17.494,16.6,1647039539181
0.0,0.0,17.525,16.6,1647039539286
0.0,0.0,17.535,16.6,1647039539388
0.0,0.0,17.567,16.6,1647039539490
0.0,0.0,17.577,16.6,1647039539595
0.0,0.0,17.598,16.6,1647039539697
0.0,0.0,17.598,16.6,1647039539799
0.0,0.0,17.608,16.6,1647039539902
0.0,0.0,17.608,16.6,1647039540005
0.0,0.0,17.598,16.6,1647039540106
0.0,0.0,17.587,16.6,1647039540210
0.0,0.0,17.567,16.6,1647039540317
0.0,0.0,17.577,16.6,1647039540421
0.0,0.0,17.567,16.6,1647039540524
0.0,0.0,17.577,16.6,1647039540628
0.0,0.0,17.556,16.6,1647039540732
0.0,0.0,17.556,16.6,1647039540835
0.0,0.0,17.567,16.6,1647039540938
0.0,0.0,17.577,16.6,1647039541037
0.0,0.0,17.556,16.6,1647039541141
0.0,0.0,17.567,16.6,1647039541249
0.0,0.0,17.587,16.6,1647039541353
0.0,0.0,17.629,16.6,1647039541452
0.0,0.0,17.629,16.6,1647039541556
0.0,0.0,17.629,16.6,1647039541655
0.0,0.0,17.619,16.6,1647039541762
0.0,0.0,17.619,16.6,1647039541867
0.0,0.0,17.639,16.6,1647039541966
0.0,0.0,17.639,16.6,1647039542069
0.0,0.0,17.629,16.6,1647039542173
0.0,0.0,17.629,16.6,1647039542298
0.0,0.0,17.639,16.6,1647039542377
0.0,0.0,17.639,16.6,1647039542481
0.0,0.0,17.619,16.6,1647039542585
0.0,0.0,17.587,16.6,1647039542690
0.0,0.0,17.587,16.6,1647039542827
0.0,0.0,17.608,16.6,1647039542916
35.164527893066406,139.60549926757812,17.608,16.6,1647039542916
0.0,0.0,17.598,16.6,1647039543001
0.0,0.0,17.608,16.6,1647039543098
0.0,0.0,17.629,16.6,1647039543207
0.0,0.0,17.629,16.6,1647039543305
0.0,0.0,17.639,16.6,1647039543415
0.0,0.0,17.639,16.6,1647039543514
0.0,0.0,17.629,16.6,1647039543619
0.0,0.0,17.629,16.6,1647039543721
0.0,0.0,17.629,16.6,1647039543824
0.0,0.0,17.639,16.6,1647039543925
0.0,0.0,17.619,16.6,1647039544027
0.0,0.0,17.608,16.6,1647039544131
0.0,0.0,17.608,16.6,1647039544227
0.0,0.0,17.577,16.6,1647039544331
0.0,0.0,17.556,16.6,1647039544437
0.0,0.0,17.535,16.6,1647039544539
0.0,0.0,17.504,16.6,1647039544642
0.0,0.0,17.473,16.6,1647039544743
0.0,0.0,17.494,16.6,1647039544849
0.0,0.0,17.483,16.6,1647039544953
0.0,0.0,17.483,16.6,1647039545058
0.0,0.0,17.494,16.6,1647039545162
0.0,0.0,17.494,16.6,1647039545265
0.0,0.0,17.494,16.6,1647039545367
0.0,0.0,17.494,16.6,1647039545468
0.0,0.0,17.504,16.6,1647039545572
0.0,0.0,17.535,16.6,1647039545677
0.0,0.0,17.546,16.6,1647039545779
0.0,0.0,17.556,16.6,1647039545885
0.0,0.0,17.587,16.6,1647039545985
35.16453552246094,139.60548400878906,17.587,16.6,1647039545985
0.0,0.0,17.567,16.6,1647039546088
0.0,0.0,17.546,16.6,1647039546191
0.0,0.0,17.535,16.6,1647039546293
0.0,0.0,17.514,16.6,1647039546397
0.0,0.0,17.494,16.6,1647039546501
0.0,0.0,17.494,16.6,1647039546606
0.0,0.0,17.473,16.6,1647039546712
0.0,0.0,17.473,16.6,1647039546808
0.0,0.0,17.462,16.6,1647039546933
0.0,0.0,17.452,16.6,1647039547014
0.0,0.0,17.442,16.6,1647039547148
0.0,0.0,17.452,16.6,1647039547239
0.0,0.0,17.494,16.6,1647039547353
0.0,0.0,17.514,16.6,1647039547431
0.0,0.0,17.556,16.6,1647039547535
0.0,0.0,17.608,16.6,1647039547637
0.0,0.0,17.65,16.6,1647039547741
0.0,0.0,17.681,16.6,1647039547846
0.0,0.0,17.712,16.6,1647039547951
0.0,0.0,17.733,16.6,1647039548056
0.0,0.0,17.733,16.6,1647039548158
0.0,0.0,17.743,16.6,1647039548263
0.0,0.0,17.764,16.6,1647039548368
0.0,0.0,17.743,16.6,1647039548473
0.0,0.0,17.723,16.6,1647039548575
0.0,0.0,17.681,16.6,1647039548682
0.0,0.0,17.629,16.6,1647039548784
0.0,0.0,17.567,16.6,1647039548888
0.0,0.0,17.525,16.6,1647039548991
0.0,0.0,17.483,16.6,1647039549095
0.0,0.0,17.462,16.6,1647039549199
0.0,0.0,17.431,16.6,1647039549300
0.0,0.0,17.431,16.6,1647039549404
0.0,0.0,17.41,16.6,1647039549510
0.0,0.0,17.4,16.6,1647039549613
0.0,0.0,17.41,16.6,1647039549718
0.0,0.0,17.431,16.6,1647039549819
0.0,0.0,17.462,16.6,1647039549923
0.0,0.0,17.504,16.6,1647039550027
0.0,0.0,17.556,16.6,1647039550134
0.0,0.0,17.608,16.6,1647039550233
0.0,0.0,17.629,16.6,1647039550337
0.0,0.0,17.65,16.6,1647039550440
0.0,0.0,17.681,16.6,1647039550545
0.0,0.0,17.691,16.6,1647039550646
0.0,0.0,17.702,16.6,1647039550763
0.0,0.0,17.712,16.6,1647039550856
0.0,0.0,17.702,16.6,1647039550996
0.0,0.0,17.702,16.6,1647039551079
0.0,0.0,17.681,16.6,1647039551172
0.0,0.0,17.671,16.6,1647039551276
0.0,0.0,17.629,16.6,1647039551378
0.0,0.0,17.608,16.6,1647039551482
0.0,0.0,17.587,16.6,1647039551584
0.0,0.0,17.587,16.6,1647039551716
0.0,0.0,17.567,16.6,1647039551801
0.0,0.0,17.567,16.6,1647039551897
0.0,0.0,17.577,16.6,1647039551999
0.0,0.0,17.587,16.6,1647039552106
0.0,0.0,17.587,16.6,1647039552204
0.0,0.0,17.608,16.6,1647039552305
0.0,0.0,17.608,16.6,1647039552415
0.0,0.0,17.608,16.6,1647039552511
0.0,0.0,17.629,16.6,1647039552615
0.0,0.0,17.629,16.6,1647039552718
0.0,0.0,17.65,16.6,1647039552820
0.0,0.0,17.671,16.6,1647039552925
0.0,0.0,17.681,16.6,1647039553029
0.0,0.0,17.681,16.6,1647039553132
0.0,0.0,17.671,16.6,1647039553240
0.0,0.0,17.681,16.6,1647039553341
0.0,0.0,17.671,16.6,1647039553446
0.0,0.0,17.66,16.6,1647039553552
0.0,0.0,17.65,16.6,1647039553653
0.0,0.0,17.65,16.6,1647039553758
0.0,0.0,17.66,16.6,1647039553863
0.0,0.0,17.681,16.6,1647039553967
35.1645393371582,139.60546875,17.681,16.6,1647039553967
0.0,0.0,17.66,16.6,1647039554073
0.0,0.0,17.639,16.6,1647039554176
0.0,0.0,17.639,16.6,1647039554278
0.0,0.0,17.65,16.6,1647039554392
0.0,0.0,17.65,16.6,1647039554496
0.0,0.0,17.629,16.6,1647039554600
0.0,0.0,17.65,16.6,1647039554696
0.0,0.0,17.65,16.6,1647039554798
0.0,0.0,17.671,16.6,1647039554901
0.0,0.0,17.691,16.6,1647039555005
0.0,0.0,17.702,16.6,1647039555115
0.0,0.0,17.671,16.6,1647039555218
0.0,0.0,17.681,16.6,1647039555317
0.0,0.0,17.681,16.6,1647039555444
0.0,0.0,17.66,16.6,1647039555554
0.0,0.0,17.65,16.6,1647039555633
0.0,0.0,17.66,16.6,1647039555761
0.0,0.0,17.66,16.6,1647039555840
0.0,0.0,17.619,16.6,1647039555990
35.164546966552734,139.60545349121094,17.619,16.6,1647039555990
0.0,0.0,17.619,16.6,1647039556064
0.0,0.0,17.608,16.6,1647039556150
0.0,0.0,17.608,16.6,1647039556255
0.0,0.0,17.608,16.6,1647039556359
0.0,0.0,17.619,16.6,1647039556465
0.0,0.0,17.619,16.6,1647039556564
0.0,0.0,17.619,16.6,1647039556664
0.0,0.0,17.639,16.6,1647039556767
0.0,0.0,17.671,16.6,1647039556872
0.0,0.0,17.671,16.6,1647039556974
0.0,0.0,17.702,16.6,1647039557080
0.0,0.0,17.712,16.6,1647039557185
0.0,0.0,17.712,16.6,1647039557282
0.0,0.0,17.702,16.6,1647039557400
0.0,0.0,17.691,16.6,1647039557494
0.0,0.0,17.681,16.6,1647039557599
0.0,0.0,17.671,16.6,1647039557703
0.0,0.0,17.681,16.6,1647039557808
0.0,0.0,17.66,16.6,1647039557914
0.0,0.0,17.65,16.6,1647039558025
0.0,0.0,17.608,16.6,1647039558123
0.0,0.0,17.587,16.6,1647039558229
0.0,0.0,17.577,16.6,1647039558332
0.0,0.0,17.587,16.6,1647039558432
0.0,0.0,17.587,16.6,1647039558534
0.0,0.0,17.587,16.6,1647039558639
0.0,0.0,17.598,16.6,1647039558744
0.0,0.0,17.598,16.6,1647039558846
0.0,0.0,17.639,16.6,1647039558963
35.16455078125,139.60543823242188,17.639,16.6,1647039558963
0.0,0.0,17.65,16.6,1647039559045
0.0,0.0,17.702,16.6,1647039559159
0.0,0.0,17.712,16.6,1647039559260
0.0,0.0,17.764,16.6,1647039559366
0.0,0.0,17.775,16.6,1647039559504
0.0,0.0,17.806,16.6,1647039559589
0.0,0.0,17.827,16.6,1647039559678
0.0,0.0,17.848,16.6,1647039559786
0.0,0.0,17.858,16.6,1647039559889
0.0,0.0,17.837,16.6,1647039559995
0.0,0.0,17.837,16.6,1647039560098
0.0,0.0,17.806,16.6,1647039560199
0.0,0.0,17.764,16.6,1647039560302
0.0,0.0,17.712,16.6,1647039560408
0.0,0.0,17.671,16.6,1647039560514
0.0,0.0,17.639,16.6,1647039560617
0.0,0.0,17.629,16.6,1647039560721
0.0,0.0,17.608,16.6,1647039560824
0.0,0.0,17.577,16.6,1647039560930
35.16455841064453,139.6054229736328,17.577,16.6,1647039560930
0.0,0.0,17.556,16.6,1647039561034
0.0,0.0,17.546,16.6,1647039561138
0.0,0.0,17.556,16.6,1647039561243
0.0,0.0,17.567,16.6,1647039561345
0.0,0.0,17.577,16.6,1647039561449
0.0,0.0,17.608,16.6,1647039561554
0.0,0.0,17.639,16.6,1647039561657
0.0,0.0,17.681,16.6,1647039561762
0.0,0.0,17.723,16.6,1647039561863
0.0,0.0,17.764,16.6,1647039561969
0.0,0.0,17.764,16.6,1647039562074
0.0,0.0,17.806,16.6,1647039562177
0.0,0.0,17.827,16.6,1647039562279
0.0,0.0,17.868,16.6,1647039562383
0.0,0.0,17.889,16.6,1647039562490
0.0,0.0,17.91,16.6,1647039562598
0.0,0.0,17.941,16.6,1647039562701
0.0,0.0,17.952,16.6,1647039562839
0.0,0.0,17.983,16.6,1647039562930
35.16456985473633,139.6054229736328,17.983,16.6,1647039562930
0.0,0.0,18.014,16.6,1647039563028
0.0,0.0,17.983,16.6,1647039563125
0.0,0.0,17.941,16.6,1647039563235
0.0,0.0,17.962,16.6,1647039563338
0.0,0.0,17.941,16.6,1647039563474
0.0,0.0,17.91,16.6,1647039563561
0.0,0.0,17.868,16.6,1647039563653
0.0,0.0,17.827,16.6,1647039563759
0.0,0.0,17.795,16.6,1647039563866
0.0,0.0,17.764,16.6,1647039563972
0.0,0.0,17.723,16.6,1647039564073
0.0,0.0,17.702,16.6,1647039564175
0.0,0.0,17.681,16.6,1647039564280
0.0,0.0,17.671,16.6,1647039564387
0.0,0.0,17.712,16.6,1647039564492
0.0,0.0,17.702,16.6,1647039564596
0.0,0.0,17.712,16.6,1647039564701
0.0,0.0,17.733,16.6,1647039564806
0.0,0.0,17.775,16.6,1647039564911
35.16457748413086,139.60540771484375,17.775,16.6,1647039564911
0.0,0.0,17.827,16.6,1647039565015
0.0,0.0,17.848,16.6,1647039565117
0.0,0.0,17.868,16.6,1647039565224
0.0,0.0,17.931,16.6,1647039565327
0.0,0.0,17.941,16.6,1647039565432
0.0,0.0,17.972,16.6,1647039565541
0.0,0.0,17.993,16.6,1647039565644
0.0,0.0,18.024,16.6,1647039565761
0.0,0.0,18.035,16.6,1647039565858
0.0,0.0,18.045,16.6,1647039565963
0.0,0.0,18.056,16.6,1647039566069
0.0,0.0,18.076,16.6,1647039566173
0.0,0.0,18.066,16.6,1647039566279
0.0,0.0,18.045,16.6,1647039566390
0.0,0.0,18.056,16.6,1647039566491
0.0,0.0,18.004,16.6,1647039566599
0.0,0.0,18.024,16.6,1647039566705
0.0,0.0,18.004,16.6,1647039566812
0.0,0.0,17.993,16.6,1647039566921
35.16459274291992,139.6053924560547,17.993,16.6,1647039566921
0.0,0.0,17.972,16.6,1647039567022
0.0,0.0,17.962,16.6,1647039567132
0.0,0.0,17.972,16.6,1647039567233
0.0,0.0,17.962,16.6,1647039567339
0.0,0.0,17.92,16.6,1647039567460
0.0,0.0,17.9,16.6,1647039567550
0.0,0.0,17.9,16.6,1647039567652
0.0,0.0,17.879,16.6,1647039567760
0.0,0.0,17.858,16.6,1647039567867
0.0,0.0,17.816,16.6,1647039568004
0.0,0.0,17.816,16.6,1647039568089
0.0,0.0,17.816,16.6,1647039568177
0.0,0.0,17.827,16.6,1647039568369
0.0,0.0,17.837,16.6,1647039568382
0.0,0.0,17.837,16.6,1647039568489
0.0,0.0,17.879,16.6,1647039568595
0.0,0.0,17.92,16.6,1647039568701
0.0,0.0,17.983,16.6,1647039568805
0.0,0.0,18.014,16.6,1647039568911
35.16460418701172,139.60537719726562,18.014,16.6,1647039568911
0.0,0.0,18.076,16.6,1647039569015
0.0,0.0,18.129,16.6,1647039569123
0.0,0.0,18.16,16.6,1647039569230
0.0,0.0,18.201,16.6,1647039569337
0.0,0.0,18.222,16.6,1647039569441
0.0,0.0,18.233,16.6,1647039569547
0.0,0.0,18.253,16.6,1647039569652
0.0,0.0,18.243,16.6,1647039569764
0.0,0.0,18.243,16.6,1647039569865
0.0,0.0,18.212,16.6,1647039569969
0.0,0.0,18.191,16.6,1647039570078
0.0,0.0,18.191,16.6,1647039570178
0.0,0.0,18.149,16.6,1647039570285
0.0,0.0,18.118,16.6,1647039570409
0.0,0.0,18.129,16.6,1647039570499
0.0,0.0,18.108,16.6,1647039570605
0.0,0.0,18.108,16.6,1647039570710
0.0,0.0,18.097,16.6,1647039570814
0.0,0.0,18.097,16.6,1647039570921
35.16461181640625,139.60536193847656,18.097,16.6,1647039570921
0.0,0.0,18.118,16.6,1647039571022
0.0,0.0,18.129,16.6,1647039571132
0.0,0.0,18.139,16.6,1647039571247
0.0,0.0,18.139,16.6,1647039571344
0.0,0.0,18.17,16.6,1647039571449
0.0,0.0,18.17,16.6,1647039571555
0.0,0.0,18.17,16.6,1647039571658
0.0,0.0,18.181,16.6,1647039571786
0.0,0.0,18.201,16.6,1647039571878
0.0,0.0,18.201,16.6,1647039571975
35.164615631103516,139.6053466796875,18.201,16.6,1647039571975
0.0,0.0,18.233,16.6,1647039572078
0.0,0.0,18.222,16.6,1647039572182
0.0,0.0,18.253,16.6,1647039572288
0.0,0.0,18.316,16.6,1647039572396
0.0,0.0,18.316,16.6,1647039572505
0.0,0.0,18.357,16.6,1647039572612
0.0,0.0,18.357,16.6,1647039572717
0.0,0.0,18.347,16.6,1647039572827
0.0,0.0,18.357,16.6,1647039572935
35.16461944580078,139.60533142089844,18.357,16.6,1647039572935
0.0,0.0,18.357,16.6,1647039573034
0.0,0.0,18.337,16.6,1647039573139
0.0,0.0,18.295,16.6,1647039573343
0.0,0.0,18.316,16.6,1647039573369
0.0,0.0,18.326,16.6,1647039573459
0.0,0.0,18.285,16.6,1647039573565
0.0,0.0,18.233,16.6,1647039573672
0.0,0.0,18.212,16.6,1647039573779
0.0,0.0,18.201,16.6,1647039573884
35.16462707519531,139.60533142089844,18.201,16.6,1647039573884
0.0,0.0,18.191,16.6,1647039573991
0.0,0.0,18.191,16.6,1647039574100
0.0,0.0,18.191,16.6,1647039574298
0.0,0.0,18.181,16.6,1647039574305
0.0,0.0,18.191,16.6,1647039574414
0.0,0.0,18.212,16.6,1647039574563
0.0,0.0,18.191,16.6,1647039574665
0.0,0.0,18.191,16.6,1647039574797
0.0,0.0,18.212,16.6,1647039574873
0.0,0.0,18.233,16.6,1647039574968
0.0,0.0,18.264,16.6,1647039575072
0.0,0.0,18.274,16.6,1647039575172
0.0,0.0,18.305,16.6,1647039575277
0.0,0.0,18.337,16.6,1647039575418
0.0,0.0,18.326,16.6,1647039575522
0.0,0.0,18.357,16.6,1647039575582
0.0,0.0,18.347,16.6,1647039575715
0.0,0.0,18.337,16.6,1647039575800
0.0,0.0,18.337,16.6,1647039575905
35.164634704589844,139.60531616210938,18.337,16.6,1647039575905
0.0,0.0,18.326,16.6,1647039576028
0.0,0.0,18.305,16.6,1647039576121
0.0,0.0,18.337,16.6,1647039576226
0.0,0.0,18.316,16.6,1647039576335
0.0,0.0,18.305,16.6,1647039576440
0.0,0.0,18.274,16.6,1647039576546
0.0,0.0,18.243,16.6,1647039576661
0.0,0.0,18.212,16.6,1647039576758
0.0,0.0,18.181,16.6,1647039576867
0.0,0.0,18.191,16.6,1647039576971
0.0,0.0,18.191,16.6,1647039577073
0.0,0.0,18.181,16.6,1647039577179
0.0,0.0,18.181,16.6,1647039577283
0.0,0.0,18.201,16.6,1647039577393
0.0,0.0,18.191,16.6,1647039577499
0.0,0.0,18.243,16.6,1647039577605
0.0,0.0,18.264,16.6,1647039577711
0.0,0.0,18.274,16.6,1647039577815
0.0,0.0,18.326,16.6,1647039577925
35.16463851928711,139.6053009033203,18.326,16.6,1647039577925
0.0,0.0,18.368,16.6,1647039578028
0.0,0.0,18.389,16.6,1647039578135
0.0,0.0,18.389,16.6,1647039578241
0.0,0.0,18.399,16.6,1647039578349
0.0,0.0,18.399,16.6,1647039578456
0.0,0.0,18.378,16.6,1647039578561
0.0,0.0,18.337,16.6,1647039578673
0.0,0.0,18.316,16.6,1647039578779
0.0,0.0,18.253,16.6,1647039578883
0.0,0.0,18.191,16.6,1647039578989
0.0,0.0,18.212,16.6,1647039579095
0.0,0.0,18.17,16.6,1647039579199
0.0,0.0,18.16,16.6,1647039579304
0.0,0.0,18.181,16.6,1647039579411
0.0,0.0,18.17,16.6,1647039579520
0.0,0.0,18.181,16.6,1647039579648
0.0,0.0,18.222,16.6,1647039579735
0.0,0.0,18.274,16.6,1647039579838
0.0,0.0,18.326,16.6,1647039579969
35.16463851928711,139.60528564453125,18.326,16.6,1647039579969
0.0,0.0,18.357,16.6,1647039580048
0.0,0.0,18.389,16.6,1647039580189
0.0,0.0,18.472,16.6,1647039580277
0.0,0.0,18.493,16.6,1647039580374
0.0,0.0,18.514,16.6,1647039580481
0.0,0.0,18.534,16.6,1647039580587
0.0,0.0,18.545,16.6,1647039580698
0.0,0.0,18.586,16.6,1647039580801
0.0,0.0,18.586,16.6,1647039580911
0.0,0.0,18.576,16.6,1647039581014
0.0,0.0,18.576,16.6,1647039581116
0.0,0.0,18.555,16.6,1647039581227
0.0,0.0,18.545,16.6,1647039581331
0.0,0.0,18.566,16.6,1647039581439
0.0,0.0,18.545,16.6,1647039581547
0.0,0.0,18.524,16.6,1647039581654
0.0,0.0,18.514,16.6,1647039581763
0.0,0.0,18.514,16.6,1647039581869
0.0,0.0,18.503,16.6,1647039581979
35.16464614868164,139.6052703857422,18.503,16.6,1647039581979
0.0,0.0,18.472,16.6,1647039582087
0.0,0.0,18.451,16.6,1647039582187
0.0,0.0,18.441,16.6,1647039582296
0.0,0.0,18.43,16.6,1647039582405
0.0,0.0,18.451,16.6,1647039582511
0.0,0.0,18.451,16.6,1647039582615
0.0,0.0,18.43,16.6,1647039582722
0.0,0.0,18.42,16.6,1647039582830
0.0,0.0,18.42,16.6,1647039582936
0.0,0.0,18.43,16.6,1647039583043
0.0,0.0,18.441,16.6,1647039583153
0.0,0.0,18.462,16.6,1647039583256
0.0,0.0,18.514,16.6,1647039583362
0.0,0.0,18.545,16.6,1647039583466
0.0,0.0,18.597,16.6,1647039583586
0.0,0.0,18.586,16.6,1647039583683
0.0,0.0,18.586,16.6,1647039583790
0.0,0.0,18.607,16.6,1647039583897
0.0,0.0,18.638,16.6,1647039584004
35.164649963378906,139.60525512695312,18.638,16.6,1647039584004
0.0,0.0,18.659,16.6,1647039584132
0.0,0.0,18.68,16.6,1647039584222
0.0,0.0,18.69,16.6,1647039584332
0.0,0.0,18.711,16.6,1647039584440
0.0,0.0,18.701,16.6,1647039584548
0.0,0.0,18.67,16.6,1647039584657
0.0,0.0,18.649,16.6,1647039584765
0.0,0.0,18.607,16.6,1647039584875
0.0,0.0,18.638,16.6,1647039584978
0.0,0.0,18.68,16.6,1647039585085
0.0,0.0,18.69,16.6,1647039585202
0.0,0.0,18.68,16.6,1647039585299
0.0,0.0,18.711,16.6,1647039585411
0.0,0.0,18.711,16.6,1647039585518
0.0,0.0,18.68,16.6,1647039585628
0.0,0.0,18.67,16.6,1647039585735
0.0,0.0,18.67,16.6,1647039585843
0.0,0.0,18.67,16.6,1647039585958
35.16465759277344,139.60523986816406,18.67,16.6,1647039585958
0.0,0.0,18.68,16.6,1647039586051
0.0,0.0,18.68,16.6,1647039586168
0.0,0.0,18.68,16.6,1647039586269
0.0,0.0,18.607,16.6,1647039586382
0.0,0.0,18.566,16.6,1647039586490
0.0,0.0,18.545,16.6,1647039586594
0.0,0.0,18.482,16.6,1647039586702
0.0,0.0,18.482,16.6,1647039586806
0.0,0.0,18.524,16.6,1647039586915
0.0,0.0,18.514,16.6,1647039587021
0.0,0.0,18.514,16.6,1647039587125
0.0,0.0,18.545,16.6,1647039587230
0.0,0.0,18.555,16.6,1647039587338
0.0,0.0,18.607,16.6,1647039587447
0.0,0.0,18.649,16.6,1647039587551
0.0,0.0,18.743,16.6,1647039587686
0.0,0.0,18.795,16.6,1647039587772
0.0,0.0,18.878,16.6,1647039587880
0.0,0.0,18.94,16.6,1647039587987
35.164669036865234,139.605224609375,18.94,16.6,1647039587987
0.0,0.0,18.982,16.6,1647039588098
0.0,0.0,18.961,16.6,1647039588221
0.0,0.0,19.013,16.6,1647039588315
0.0,0.0,19.024,16.6,1647039588424
0.0,0.0,19.024,16.6,1647039588530
0.0,0.0,19.003,16.6,1647039588646
0.0,0.0,18.961,16.6,1647039588755
0.0,0.0,18.919,16.6,1647039588862
0.0,0.0,18.867,16.6,1647039588970
0.0,0.0,18.826,16.6,1647039589077
0.0,0.0,18.774,16.6,1647039589183
0.0,0.0,18.743,16.6,1647039589289
0.0,0.0,18.711,16.6,1647039589397
0.0,0.0,18.711,16.6,1647039589507
0.0,0.0,18.68,16.6,1647039589615
0.0,0.0,18.701,16.6,1647039589729
0.0,0.0,18.701,16.6,1647039589836
0.0,0.0,18.743,16.6,1647039589942
35.164676666259766,139.605224609375,18.743,16.6,1647039589942
0.0,0.0,18.795,16.6,1647039590043
0.0,0.0,18.836,16.6,1647039590159
0.0,0.0,18.909,16.6,1647039590263
0.0,0.0,18.961,16.6,1647039590371
0.0,0.0,18.961,16.6,1647039590478
0.0,0.0,19.003,16.6,1647039590586
0.0,0.0,19.034,16.6,1647039590699
0.0,0.0,19.055,16.6,1647039590803
0.0,0.0,19.086,16.6,1647039590913
0.0,0.0,19.076,16.6,1647039591026
0.0,0.0,19.076,16.6,1647039591137
0.0,0.0,19.044,16.6,1647039591242
0.0,0.0,19.013,16.6,1647039591349
0.0,0.0,18.971,16.6,1647039591459
0.0,0.0,18.919,16.6,1647039591568
0.0,0.0,18.909,16.6,1647039591683
0.0,0.0,18.93,16.6,1647039591787
0.0,0.0,18.961,16.6,1647039591897
0.0,0.0,18.961,16.6,1647039592003
35.16468811035156,139.60520935058594,18.961,16.6,1647039592003
0.0,0.0,18.951,16.6,1647039592137
0.0,0.0,18.951,16.6,1647039592226
0.0,0.0,18.971,16.6,1647039592326
0.0,0.0,18.982,16.6,1647039592440
0.0,0.0,18.992,16.6,1647039592544
0.0,0.0,19.024,16.6,1647039592653
0.0,0.0,19.065,16.6,1647039592763
0.0,0.0,19.076,16.6,1647039592873
0.0,0.0,19.076,16.6,1647039592979
0.0,0.0,19.076,16.6,1647039593088
0.0,0.0,19.044,16.6,1647039593195
0.0,0.0,19.044,16.6,1647039593308
0.0,0.0,19.065,16.6,1647039593416
0.0,0.0,19.117,16.6,1647039593537
0.0,0.0,19.096,16.6,1647039593638
0.0,0.0,19.107,16.6,1647039593746
0.0,0.0,19.128,16.6,1647039593855
0.0,0.0,19.117,16.6,1647039593967
35.16469955444336,139.60519409179688,19.117,16.6,1647039593967
0.0,0.0,19.128,16.6,1647039594074
0.0,0.0,19.148,16.6,1647039594184
0.0,0.0,19.148,16.6,1647039594292
0.0,0.0,19.148,16.6,1647039594436
0.0,0.0,19.117,16.6,1647039594535
0.0,0.0,19.096,16.6,1647039594637
0.0,0.0,19.055,16.6,1647039594737
0.0,0.0,19.013,16.6,1647039594840
0.0,0.0,19.024,16.6,1647039594952
35.164703369140625,139.6051788330078,19.024,16.6,1647039594952
0.0,0.0,18.992,16.6,1647039595057
0.0,0.0,18.971,16.6,1647039595165
0.0,0.0,19.003,16.6,1647039595283
0.0,0.0,19.034,16.6,1647039595386
0.0,0.0,19.034,16.6,1647039595500
0.0,0.0,19.065,16.6,1647039595606
0.0,0.0,19.096,16.6,1647039595743
0.0,0.0,19.169,16.6,1647039595831
0.0,0.0,19.221,16.6,1647039595939
35.164710998535156,139.60516357421875,19.221,16.6,1647039595939
0.0,0.0,19.294,16.6,1647039596043
0.0,0.0,19.336,16.6,1647039596186
0.0,0.0,19.336,16.6,1647039596275
0.0,0.0,19.357,16.6,1647039596374
0.0,0.0,19.419,16.6,1647039596487
0.0,0.0,19.429,16.6,1647039596598
0.0,0.0,19.367,16.6,1647039596710
0.0,0.0,19.357,16.6,1647039596820
0.0,0.0,19.336,16.6,1647039596930
0.0,0.0,19.305,16.6,1647039597047
0.0,0.0,19.284,16.6,1647039597148
0.0,0.0,19.252,16.6,1647039597260
0.0,0.0,19.19,16.6,1647039597369
0.0,0.0,19.148,16.6,1647039597480
0.0,0.0,19.138,16.6,1647039597591
0.0,0.0,19.117,16.6,1647039597699
0.0,0.0,19.076,16.6,1647039597810
0.0,0.0,19.044,16.6,1647039597924
35.16472244262695,139.6051483154297,19.044,16.6,1647039597924
0.0,0.0,19.107,16.6,1647039598036
0.0,0.0,19.117,16.6,1647039598165
0.0,0.0,19.148,16.6,1647039598246
0.0,0.0,19.159,16.6,1647039598359
0.0,0.0,19.148,16.6,1647039598468
0.0,0.0,19.169,16.6,1647039598582
0.0,0.0,19.263,16.6,1647039598689
0.0,0.0,19.336,16.6,1647039598805
0.0,0.0,19.367,16.6,1647039598905
0.0,0.0,19.409,16.6,1647039599028
0.0,0.0,19.461,16.6,1647039599125
0.0,0.0,19.523,16.6,1647039599237
0.0,0.0,19.481,16.6,1647039599353
0.0,0.0,19.513,16.6,1647039599461
0.0,0.0,19.502,16.6,1647039599574
0.0,0.0,19.533,16.6,1647039599683
0.0,0.0,19.523,16.6,1647039599795
0.0,0.0,19.544,16.6,1647039599907
35.16473388671875,139.60513305664062,19.544,16.6,1647039599907
0.0,0.0,19.481,16.6,1647039600014
0.0,0.0,19.429,16.6,1647039600125
0.0,0.0,19.45,16.6,1647039600247
0.0,0.0,19.419,16.6,1647039600351
0.0,0.0,19.429,16.6,1647039600464
0.0,0.0,19.429,16.6,1647039600574
0.0,0.0,19.471,16.6,1647039600703
0.0,0.0,19.461,16.6,1647039600794
0.0,0.0,19.471,16.6,1647039600906
0.0,0.0,19.44,16.6,1647039601017
0.0,0.0,19.492,16.6,1647039601144
0.0,0.0,19.44,16.6,1647039601236
0.0,0.0,19.461,16.6,1647039601347
0.0,0.0,19.502,16.6,1647039601456
0.0,0.0,19.492,16.6,1647039601568
0.0,0.0,19.523,16.6,1647039601680
0.0,0.0,19.513,16.6,1647039601793
0.0,0.0,19.492,16.6,1647039601905
35.16474151611328,139.60511779785156,19.492,16.6,1647039601905
0.0,0.0,19.523,16.6,1647039602011
0.0,0.0,19.596,16.6,1647039602124
0.0,0.0,19.658,16.6,1647039602242
0.0,0.0,19.731,16.6,1647039602347
0.0,0.0,19.721,16.6,1647039602460
0.0,0.0,19.783,16.6,1647039602580
0.0,0.0,19.835,16.6,1647039602689
0.0,0.0,19.825,16.6,1647039602802
0.0,0.0,19.825,16.6,1647039602910
35.16474533081055,139.6051025390625,19.825,16.6,1647039602910
0.0,0.0,19.825,16.6,1647039603016
0.0,0.0,19.866,16.6,1647039603131
0.0,0.0,19.929,16.6,1647039603243
0.0,0.0,19.898,16.6,1647039603350
0.0,0.0,19.856,16.6,1647039603469
0.0,0.0,19.804,16.6,1647039603579
0.0,0.0,19.742,16.6,1647039603692
0.0,0.0,19.742,16.6,1647039603801
0.0,0.0,19.721,16.6,1647039603919
0.0,0.0,19.679,16.6,1647039604030
0.0,0.0,19.71,16.6,1647039604136
0.0,0.0,19.752,16.6,1647039604245
0.0,0.0,19.742,16.6,1647039604361
0.0,0.0,19.669,16.6,1647039604498
0.0,0.0,19.638,16.6,1647039604588
0.0,0.0,19.742,16.6,1647039604694
0.0,0.0,19.835,16.6,1647039604808
0.0,0.0,19.887,16.6,1647039604964
35.16475296020508,139.60508728027344,19.887,16.6,1647039604964
0.0,0.0,19.96,16.6,1647039605039
0.0,0.0,20.002,16.6,1647039605146
0.0,0.0,20.033,16.6,1647039605261
0.0,0.0,20.085,16.6,1647039605374
0.0,0.0,20.075,16.6,1647039605491
0.0,0.0,20.023,16.6,1647039605600
0.0,0.0,20.023,16.6,1647039605711
0.0,0.0,20.085,16.6,1647039605827
0.0,0.0,20.064,16.6,1647039605947
35.164756774902344,139.60507202148438,20.064,16.6,1647039605947
0.0,0.0,20.023,16.6,1647039606046
0.0,0.0,19.971,16.6,1647039606160
0.0,0.0,19.96,16.6,1647039606281
0.0,0.0,19.908,16.6,1647039606385
0.0,0.0,19.877,16.6,1647039606501
0.0,0.0,19.866,16.6,1647039606610
0.0,0.0,19.825,16.6,1647039606727
0.0,0.0,19.804,16.6,1647039606841
0.0,0.0,19.794,16.6,1647039606947
35.16476058959961,139.6050567626953,19.794,16.6,1647039606947
0.0,0.0,19.804,16.6,1647039607055
0.0,0.0,19.814,16.6,1647039607174
0.0,0.0,19.856,16.6,1647039607284
0.0,0.0,19.846,16.6,1647039607394
0.0,0.0,19.877,16.6,1647039607505
0.0,0.0,19.846,16.6,1647039607621
0.0,0.0,19.866,16.6,1647039607734
0.0,0.0,19.866,16.6,1647039607845
0.0,0.0,19.835,16.6,1647039607976
35.164764404296875,139.6050567626953,19.835,16.6,1647039607976
0.0,0.0,19.877,16.6,1647039608064
0.0,0.0,19.887,16.6,1647039608261
0.0,0.0,19.908,16.6,1647039608296
0.0,0.0,19.919,16.6,1647039608443
0.0,0.0,19.887,16.6,1647039608525
0.0,0.0,19.866,16.6,1647039608628
0.0,0.0,19.887,16.6,1647039608740
0.0,0.0,19.877,16.6,1647039608890
0.0,0.0,19.96,16.6,1647039608975
35.164764404296875,139.60504150390625,19.96,16.6,1647039608975
0.0,0.0,20.002,16.6,1647039609079
0.0,0.0,20.064,16.6,1647039609185
0.0,0.0,20.085,16.6,1647039609299
0.0,0.0,20.106,16.6,1647039609416
0.0,0.0,20.158,16.6,1647039609530
0.0,0.0,20.2,16.6,1647039609645
0.0,0.0,20.2,16.6,1647039609755
0.0,0.0,20.252,16.6,1647039609874
0.0,0.0,20.293,16.6,1647039609979
35.16476821899414,139.6050262451172,20.293,16.6,1647039609979
0.0,0.0,20.293,16.6,1647039610088
0.0,0.0,20.314,16.6,1647039610232
0.0,0.0,20.283,16.6,1647039610315
0.0,0.0,20.21,16.6,1647039610429
0.0,0.0,20.158,16.6,1647039610545
0.0,0.0,20.189,16.6,1647039610658
0.0,0.0,20.147,16.6,1647039610771
0.0,0.0,20.106,16.6,1647039610885
0.0,0.0,20.064,16.6,1647039610997
0.0,0.0,20.023,16.6,1647039611108
0.0,0.0,20.033,16.6,1647039611221
0.0,0.0,20.033,16.6,1647039611346
0.0,0.0,20.054,16.6,1647039611445
0.0,0.0,20.054,16.6,1647039611561
0.0,0.0,20.043,16.6,1647039611672
0.0,0.0,20.147,16.6,1647039611792
0.0,0.0,20.241,16.6,1647039611899
35.16477584838867,139.60501098632812,20.241,16.6,1647039611899
0.0,0.0,20.241,16.6,1647039612009
0.0,0.0,20.314,16.6,1647039612125
0.0,0.0,20.335,16.6,1647039612238
0.0,0.0,20.366,16.6,1647039612351
0.0,0.0,20.428,16.6,1647039612466
0.0,0.0,20.428,16.6,1647039612578
0.0,0.0,20.408,16.6,1647039612719
0.0,0.0,20.397,16.6,1647039612808
0.0,0.0,20.397,16.6,1647039612920
35.16477584838867,139.60499572753906,20.397,16.6,1647039612920
0.0,0.0,20.387,16.6,1647039613033
0.0,0.0,20.314,16.6,1647039613157
0.0,0.0,20.22,16.6,1647039613260
0.0,0.0,20.168,16.6,1647039613376
0.0,0.0,20.116,16.6,1647039613490
0.0,0.0,20.127,16.6,1647039613602
0.0,0.0,20.168,16.6,1647039613718
0.0,0.0,20.116,16.6,1647039613829
0.0,0.0,20.147,16.6,1647039613943
35.1647834777832,139.60498046875,20.147,16.6,1647039613943
0.0,0.0,20.189,16.6,1647039614054
0.0,0.0,20.262,16.6,1647039614168
0.0,0.0,20.324,16.6,1647039614304
0.0,0.0,20.345,16.6,1647039614411
0.0,0.0,20.428,16.6,1647039614507
0.0,0.0,20.48,16.6,1647039614624
0.0,0.0,20.48,16.6,1647039614740
0.0,0.0,20.491,16.6,1647039614853
0.0,0.0,20.46,16.6,1647039614973
35.16478729248047,139.60498046875,20.46,16.6,1647039614973
0.0,0.0,20.439,16.6,1647039615080
0.0,0.0,20.449,16.6,1647039615215
0.0,0.0,20.408,16.6,1647039615314
0.0,0.0,20.366,16.6,1647039615423
0.0,0.0,20.293,16.6,1647039615538
0.0,0.0,20.231,16.6,1647039615650
0.0,0.0,20.241,16.6,1647039615764
0.0,0.0,20.231,16.6,1647039615879
0.0,0.0,20.272,16.6,1647039615987
35.164791107177734,139.60496520996094,20.272,16.6,1647039615987
0.0,0.0,20.335,16.6,1647039616099
0.0,0.0,20.397,16.6,1647039616213
0.0,0.0,20.439,16.6,1647039616330
0.0,0.0,20.439,16.6,1647039616462
0.0,0.0,20.501,16.6,1647039616564
0.0,0.0,20.574,16.6,1647039616679
0.0,0.0,20.616,16.6,1647039616807
0.0,0.0,20.647,16.6,1647039616904
35.164794921875,139.60494995117188,20.647,16.6,1647039616904
0.0,0.0,20.709,16.6,1647039617017
0.0,0.0,20.73,16.6,1647039617165
0.0,0.0,20.72,16.6,1647039617253
0.0,0.0,20.689,16.6,1647039617386
0.0,0.0,20.657,16.6,1647039617478
0.0,0.0,20.605,16.6,1647039617597
0.0,0.0,20.585,16.6,1647039617715
0.0,0.0,20.543,16.6,1647039617826
0.0,0.0,20.543,16.6,1647039617940
35.16480255126953,139.6049346923828,20.543,16.6,1647039617940
0.0,0.0,20.522,16.6,1647039618049
0.0,0.0,20.533,16.6,1647039618165
0.0,0.0,20.564,16.6,1647039618279
0.0,0.0,20.574,16.6,1647039618397
0.0,0.0,20.574,16.6,1647039618509
0.0,0.0,20.616,16.6,1647039618631
0.0,0.0,20.637,16.6,1647039618747
0.0,0.0,20.668,16.6,1647039618859
0.0,0.0,20.699,16.6,1647039618971
35.1648063659668,139.6049346923828,20.699,16.6,1647039618971
0.0,0.0,20.72,16.6,1647039619081
0.0,0.0,20.793,16.6,1647039619288
0.0,0.0,20.761,16.6,1647039619310
0.0,0.0,20.761,16.6,1647039619428
0.0,0.0,20.709,16.6,1647039619543
0.0,0.0,20.637,16.6,1647039619656
0.0,0.0,20.585,16.6,1647039619772
0.0,0.0,20.585,16.6,1647039619884
0.0,0.0,20.553,16.6,1647039619996
35.16481399536133,139.60491943359375,20.553,16.6,1647039619996
0.0,0.0,20.585,16.6,1647039620134
0.0,0.0,20.595,16.6,1647039620224
0.0,0.0,20.626,16.6,1647039620362
0.0,0.0,20.657,16.6,1647039620480
0.0,0.0,20.657,16.6,1647039620573
0.0,0.0,20.72,16.6,1647039620686
0.0,0.0,20.782,16.6,1647039620801
0.0,0.0,20.845,16.6,1647039620944
35.16482162475586,139.6049041748047,20.845,16.6,1647039620944
0.0,0.0,20.918,16.6,1647039621031
0.0,0.0,20.98,16.6,1647039621148
0.0,0.0,21.032,16.6,1647039621263
0.0,0.0,21.084,16.6,1647039621382
0.0,0.0,21.115,16.6,1647039621503
0.0,0.0,21.115,16.6,1647039621616
0.0,0.0,21.105,16.6,1647039621741
0.0,0.0,21.084,16.6,1647039621852
0.0,0.0,21.105,16.6,1647039621967
35.16482925415039,139.6049041748047,21.105,16.6,1647039621967
0.0,0.0,21.074,16.6,1647039622079
0.0,0.0,21.042,16.6,1647039622194
0.0,0.0,21.001,16.6,1647039622310
0.0,0.0,20.99,16.6,1647039622427
0.0,0.0,20.949,16.6,1647039622546
0.0,0.0,20.897,16.6,1647039622662
0.0,0.0,20.845,16.6,1647039622779
0.0,0.0,20.814,16.6,1647039622895
0.0,0.0,20.803,16.6,1647039623006
0.0,0.0,20.834,16.6,1647039623119
0.0,0.0,20.876,16.6,1647039623238
0.0,0.0,20.845,16.6,1647039623396
0.0,0.0,20.876,16.6,1647039623466
0.0,0.0,20.897,16.6,1647039623586
0.0,0.0,20.907,16.6,1647039623702
0.0,0.0,20.918,16.6,1647039623823
0.0,0.0,20.98,16.6,1647039623936
35.16484069824219,139.60488891601562,20.98,16.6,1647039623936
0.0,0.0,21.063,16.6,1647039624043
0.0,0.0,21.115,16.6,1647039624164
0.0,0.0,21.178,16.6,1647039624304
0.0,0.0,21.199,16.6,1647039624401
0.0,0.0,21.178,16.6,1647039624517
0.0,0.0,21.136,16.6,1647039624660
0.0,0.0,21.178,16.6,1647039624749
0.0,0.0,21.115,16.6,1647039624872
0.0,0.0,21.105,16.6,1647039625017
0.0,0.0,21.115,16.6,1647039625096
0.0,0.0,21.084,16.6,1647039625213
0.0,0.0,21.042,16.6,1647039625330
0.0,0.0,20.98,16.6,1647039625449
0.0,0.0,20.97,16.6,1647039625570
0.0,0.0,20.949,16.6,1647039625684
0.0,0.0,20.949,16.6,1647039625796
0.0,0.0,20.949,16.6,1647039625915
35.16485595703125,139.60487365722656,20.949,16.6,1647039625915
0.0,0.0,20.99,16.6,1647039626023
0.0,0.0,21.001,16.6,1647039626143
0.0,0.0,21.105,16.6,1647039626273
0.0,0.0,21.136,16.6,1647039626378
0.0,0.0,21.188,16.6,1647039626497
0.0,0.0,21.23,16.6,1647039626614
0.0,0.0,21.219,16.6,1647039626726
0.0,0.0,21.261,16.6,1647039626848
0.0,0.0,21.251,16.6,1647039626957
0.0,0.0,21.24,16.6,1647039627084
0.0,0.0,21.219,16.6,1647039627189
0.0,0.0,21.282,16.6,1647039627340
0.0,0.0,21.292,16.6,1647039627422
0.0,0.0,21.292,16.6,1647039627543
0.0,0.0,21.251,16.6,1647039627654
0.0,0.0,21.219,16.6,1647039627795
0.0,0.0,21.188,16.6,1647039627891
35.16487121582031,139.60487365722656,21.188,16.6,1647039627891
0.0,0.0,21.219,16.6,1647039628009
0.0,0.0,21.271,16.6,1647039628130
0.0,0.0,21.282,16.6,1647039628244
0.0,0.0,21.334,16.6,1647039628359
0.0,0.0,21.375,16.6,1647039628489
0.0,0.0,21.448,16.6,1647039628594
0.0,0.0,21.48,16.6,1647039628713
0.0,0.0,21.511,16.6,1647039628847
0.0,0.0,21.542,16.6,1647039628961
35.164878845214844,139.6048583984375,21.542,16.6,1647039628961
0.0,0.0,21.584,16.6,1647039629067
0.0,0.0,21.615,16.6,1647039629205
0.0,0.0,21.636,16.6,1647039629301
0.0,0.0,21.604,16.6,1647039629422
0.0,0.0,21.573,16.6,1647039629537
0.0,0.0,21.542,16.6,1647039629661
0.0,0.0,21.573,16.6,1647039629777
0.0,0.0,21.594,16.6,1647039629898
0.0,0.0,21.584,16.6,1647039630011
0.0,0.0,21.563,16.6,1647039630128
0.0,0.0,21.573,16.6,1647039630245
0.0,0.0,21.563,16.6,1647039630372
0.0,0.0,21.563,16.6,1647039630483
0.0,0.0,21.532,16.6,1647039630603
0.0,0.0,21.532,16.6,1647039630721
0.0,0.0,21.521,16.6,1647039630840
0.0,0.0,21.532,16.6,1647039630983
35.16489028930664,139.6048583984375,21.532,16.6,1647039630983
0.0,0.0,21.542,16.6,1647039631069
0.0,0.0,21.49,16.6,1647039631191
0.0,0.0,21.428,16.6,1647039631310
0.0,0.0,21.396,16.6,1647039631429
0.0,0.0,21.396,16.6,1647039631542
0.0,0.0,21.417,16.6,1647039631657
0.0,0.0,21.48,16.6,1647039631778
0.0,0.0,21.49,16.6,1647039631901
0.0,0.0,21.552,16.6,1647039632014
0.0,0.0,21.584,16.6,1647039632129
0.0,0.0,21.615,16.6,1647039632246
0.0,0.0,21.667,16.6,1647039632380
0.0,0.0,21.719,16.6,1647039632485
0.0,0.0,21.771,16.6,1647039632607
0.0,0.0,21.844,16.6,1647039632741
0.0,0.0,21.927,16.6,1647039632847
0.0,0.0,22.0,16.6,1647039632978
35.16490173339844,139.60484313964844,22.0,16.6,1647039632978
0.0,0.0,21.979,16.6,1647039633096
0.0,0.0,21.969,16.6,1647039633204
0.0,0.0,21.948,16.6,1647039633324
0.0,0.0,21.875,16.6,1647039633462
0.0,0.0,21.813,16.6,1647039633568
0.0,0.0,21.771,16.6,1647039633682
0.0,0.0,21.688,16.6,1647039633805
0.0,0.0,21.594,16.6,1647039633920
0.0,0.0,21.521,16.6,1647039634046
0.0,0.0,21.407,16.6,1647039634154
0.0,0.0,21.355,16.6,1647039634270
0.0,0.0,21.375,16.6,1647039634398
0.0,0.0,21.386,16.6,1647039634507
0.0,0.0,21.407,16.6,1647039634628
0.0,0.0,21.5,16.6,1647039634745
0.0,0.0,21.573,16.6,1647039634882
0.0,0.0,21.677,16.6,1647039634983
35.16490936279297,139.60482788085938,21.677,16.6,1647039634983
0.0,0.0,21.792,16.6,1647039635102
0.0,0.0,21.885,16.6,1647039635228
0.0,0.0,22.0,16.6,1647039635346
0.0,0.0,22.083,16.6,1647039635466
0.0,0.0,22.166,16.6,1647039635586
0.0,0.0,22.187,16.6,1647039635701
0.0,0.0,22.146,16.6,1647039635826
0.0,0.0,22.198,16.6,1647039635950
0.0,0.0,22.187,16.6,1647039636062
0.0,0.0,22.156,16.6,1647039636181
0.0,0.0,22.135,16.6,1647039636301
0.0,0.0,22.083,16.6,1647039636423
0.0,0.0,22.031,16.6,1647039636543
0.0,0.0,21.979,16.6,1647039636670
0.0,0.0,21.885,16.6,1647039636785
0.0,0.0,21.823,16.6,1647039636946
35.164913177490234,139.6048126220703,21.823,16.6,1647039636946
0.0,0.0,21.74,16.6,1647039637018
0.0,0.0,21.709,16.6,1647039637142
0.0,0.0,21.771,16.6,1647039637295
0.0,0.0,21.74,16.6,1647039637383
0.0,0.0,21.802,16.6,1647039637506
0.0,0.0,21.865,16.6,1647039637647
0.0,0.0,21.906,16.6,1647039637739
0.0,0.0,21.948,16.6,1647039637858
0.0,0.0,21.969,16.6,1647039637977
35.1649169921875,139.60479736328125,21.969,16.6,1647039637977
0.0,0.0,21.99,16.6,1647039638093
0.0,0.0,22.052,16.6,1647039638213
0.0,0.0,22.094,16.6,1647039638332
0.0,0.0,22.156,16.6,1647039638453
0.0,0.0,22.218,16.6,1647039638581
0.0,0.0,22.187,16.6,1647039638696
0.0,0.0,22.229,16.6,1647039638821
0.0,0.0,22.229,16.6,1647039638939
35.1649169921875,139.6047821044922,22.229,16.6,1647039638939
0.0,0.0,22.187,16.6,1647039639052
0.0,0.0,22.166,16.6,1647039639171
0.0,0.0,22.135,16.6,1647039639292
0.0,0.0,22.146,16.6,1647039639414
0.0,0.0,22.125,16.6,1647039639539
0.0,0.0,22.073,16.6,1647039639660
0.0,0.0,22.021,16.6,1647039639781
0.0,0.0,22.021,16.6,1647039639902
0.0,0.0,21.99,16.6,1647039640017
0.0,0.0,22.062,16.6,1647039640132
0.0,0.0,22.062,16.6,1647039640250
0.0,0.0,22.062,16.6,1647039640371
0.0,0.0,22.114,16.6,1647039640491
0.0,0.0,22.156,16.6,1647039640612
0.0,0.0,22.198,16.6,1647039640734
0.0,0.0,22.26,16.6,1647039640858
0.0,0.0,22.302,16.6,1647039640973
35.164920806884766,139.60476684570312,22.302,16.6,1647039640973
0.0,0.0,22.343,16.6,1647039641129
0.0,0.0,22.427,16.6,1647039641219
0.0,0.0,22.385,16.6,1647039641342
0.0,0.0,22.385,16.6,1647039641492
0.0,0.0,22.354,16.6,1647039641578
0.0,0.0,22.364,16.6,1647039641709
0.0,0.0,22.354,16.6,1647039641828
0.0,0.0,22.333,16.6,1647039641979
35.16492462158203,139.60475158691406,22.333,16.6,1647039641979
0.0,0.0,22.302,16.6,1647039642063
0.0,0.0,22.312,16.6,1647039642184
0.0,0.0,22.291,16.6,1647039642306
0.0,0.0,22.27,16.6,1647039642429
0.0,0.0,22.229,16.6,1647039642549
0.0,0.0,22.198,16.6,1647039642675
0.0,0.0,22.198,16.6,1647039642789
0.0,0.0,22.208,16.6,1647039642912
0.0,0.0,22.229,16.6,1647039643034
0.0,0.0,22.291,16.6,1647039643148
0.0,0.0,22.333,16.6,1647039643264
0.0,0.0,22.364,16.6,1647039643390
0.0,0.0,22.458,16.6,1647039643510
0.0,0.0,22.499,16.6,1647039643630
0.0,0.0,22.541,16.6,1647039643755
0.0,0.0,22.593,16.6,1647039643874
0.0,0.0,22.656,16.6,1647039643997
35.1649284362793,139.604736328125,22.656,16.6,1647039643997
0.0,0.0,22.697,16.6,1647039644121
0.0,0.0,22.78,16.6,1647039644242
0.0,0.0,22.853,16.6,1647039644371
0.0,0.0,22.843,16.6,1647039644490
0.0,0.0,22.853,16.6,1647039644611
0.0,0.0,22.864,16.6,1647039644740
0.0,0.0,22.874,16.6,1647039644863
0.0,0.0,22.864,16.6,1647039644977
35.16493225097656,139.604736328125,22.864,16.6,1647039644977
0.0,0.0,22.864,16.6,1647039645096
0.0,0.0,22.822,16.6,1647039645243
0.0,0.0,22.77,16.6,1647039645341
0.0,0.0,22.749,16.6,1647039645478
0.0,0.0,22.749,16.6,1647039645613
0.0,0.0,22.728,16.6,1647039645713
0.0,0.0,22.728,16.6,1647039645840
0.0,0.0,22.77,16.6,1647039645957
0.0,0.0,22.78,16.6,1647039646077
0.0,0.0,22.832,16.6,1647039646200
0.0,0.0,22.874,16.6,1647039646362
0.0,0.0,22.905,16.6,1647039646447
0.0,0.0,22.937,16.6,1647039646573
0.0,0.0,23.041,16.6,1647039646697
0.0,0.0,23.061,16.6,1647039646816
0.0,0.0,23.082,16.6,1647039646952
35.1649284362793,139.60470581054688,23.082,16.6,1647039646952
0.0,0.0,23.093,16.6,1647039647059
0.0,0.0,23.093,16.6,1647039647192
0.0,0.0,23.134,16.6,1647039647314
0.0,0.0,23.103,16.6,1647039647440
0.0,0.0,23.124,16.6,1647039647563
0.0,0.0,23.093,16.6,1647039647686
0.0,0.0,23.124,16.6,1647039647813
0.0,0.0,23.155,16.6,1647039647939
0.0,0.0,23.166,16.6,1647039648055
0.0,0.0,23.103,16.6,1647039648176
0.0,0.0,23.145,16.6,1647039648299
0.0,0.0,23.134,16.6,1647039648421
0.0,0.0,23.134,16.6,1647039648555
0.0,0.0,23.207,16.6,1647039648683
0.0,0.0,23.218,16.6,1647039648807
0.0,0.0,23.28,16.6,1647039648924
35.1649284362793,139.6046905517578,23.28,16.6,1647039648924
0.0,0.0,23.332,16.6,1647039649042
0.0,0.0,23.405,16.6,1647039649200
0.0,0.0,23.426,16.6,1647039649299
0.0,0.0,23.426,16.6,1647039649421
0.0,0.0,23.436,16.6,1647039649557
0.0,0.0,23.467,16.6,1647039649670
0.0,0.0,23.446,16.6,1647039649823
0.0,0.0,23.509,16.6,1647039649922
0.0,0.0,23.561,16.6,1647039650047
0.0,0.0,23.561,16.6,1647039650167
0.0,0.0,23.561,16.6,1647039650292
0.0,0.0,23.551,16.6,1647039650415
0.0,0.0,23.499,16.6,1647039650541
0.0,0.0,23.499,16.6,1647039650672
0.0,0.0,23.509,16.6,1647039650793
0.0,0.0,23.54,16.6,1647039650924
35.16492462158203,139.60467529296875,23.54,16.6,1647039650924
0.0,0.0,23.54,16.6,1647039651044
0.0,0.0,23.561,16.6,1647039651178
0.0,0.0,23.561,16.6,1647039651291
0.0,0.0,23.54,16.6,1647039651416
0.0,0.0,23.519,16.6,1647039651547
0.0,0.0,23.467,16.6,1647039651667
0.0,0.0,23.457,16.6,1647039651798
0.0,0.0,23.415,16.6,1647039651921
35.164920806884766,139.6046600341797,23.415,16.6,1647039651921
0.0,0.0,23.446,16.6,1647039652038
0.0,0.0,23.467,16.6,1647039652163
0.0,0.0,23.54,16.6,1647039652289
0.0,0.0,23.603,16.6,1647039652411
0.0,0.0,23.675,16.6,1647039652552
0.0,0.0,23.738,16.6,1647039652667
0.0,0.0,23.78,16.6,1647039652798
0.0,0.0,23.8,16.6,1647039652981
35.1649169921875,139.60464477539062,23.8,16.6,1647039652981
0.0,0.0,23.811,16.6,1647039653042
0.0,0.0,23.884,16.6,1647039653299
0.0,0.0,23.894,16.6,1647039653428
0.0,0.0,23.967,16.6,1647039653569
0.0,0.0,24.008,16.6,1647039653683
0.0,0.0,24.04,16.6,1647039653845
0.0,0.0,24.04,16.6,1647039653937
35.1649169921875,139.60462951660156,24.04,16.6,1647039653937
0.0,0.0,24.05,16.6,1647039654062
0.0,0.0,24.061,16.6,1647039654192
0.0,0.0,24.008,16.6,1647039654358
0.0,0.0,23.998,16.6,1647039654458
0.0,0.0,23.956,16.6,1647039654571
0.0,0.0,23.956,16.6,1647039654702
0.0,0.0,23.925,16.6,1647039654877
0.0,0.0,23.925,16.6,1647039654974
35.1649169921875,139.6046142578125,23.925,16.6,1647039654974
0.0,0.0,23.967,16.6,1647039655075
0.0,0.0,23.977,16.6,1647039655199
0.0,0.0,24.008,16.6,1647039655378
0.0,0.0,24.092,16.6,1647039655474
0.0,0.0,24.144,16.6,1647039655589
0.0,0.0,24.185,16.6,1647039655716
0.0,0.0,24.248,16.6,1647039655843
0.0,0.0,24.321,16.6,1647039655975
35.164913177490234,139.6046142578125,24.321,16.6,1647039655975
0.0,0.0,24.404,16.6,1647039656098
0.0,0.0,24.477,16.6,1647039656278
0.0,0.0,24.477,16.6,1647039656354
0.0,0.0,24.477,16.6,1647039656490
0.0,0.0,24.435,16.6,1647039656617
0.0,0.0,24.425,16.6,1647039656749
0.0,0.0,24.394,16.6,1647039656876
0.0,0.0,24.341,16.6,1647039656999
35.164913177490234,139.60459899902344,24.341,16.6,1647039656999
0.0,0.0,24.321,16.6,1647039657158
0.0,0.0,24.341,16.6,1647039657261
0.0,0.0,24.352,16.6,1647039657509
0.0,0.0,24.362,16.6,1647039657644
0.0,0.0,24.331,16.6,1647039657784
0.0,0.0,24.321,16.6,1647039657898
35.1649169921875,139.60458374023438,24.321,16.6,1647039657898
0.0,0.0,24.414,16.6,1647039658045
0.0,0.0,24.394,16.6,1647039658150
0.0,0.0,24.341,16.6,1647039658280
0.0,0.0,24.331,16.6,1647039658410
0.0,0.0,24.373,16.6,1647039658545
0.0,0.0,24.394,16.6,1647039658667
0.0,0.0,24.435,16.6,1647039658806
0.0,0.0,24.425,16.6,1647039658929
35.164913177490234,139.6045684814453,24.425,16.6,1647039658929
0.0,0.0,24.446,16.6,1647039659049
0.0,0.0,24.466,16.6,1647039659179
0.0,0.0,24.425,16.6,1647039659309
0.0,0.0,24.373,16.6,1647039659438
0.0,0.0,24.258,16.6,1647039659573
0.0,0.0,24.248,16.6,1647039659700
0.0,0.0,24.279,16.6,1647039659827
0.0,0.0,24.289,16.6,1647039659965
35.164913177490234,139.60455322265625,24.289,16.6,1647039659965
0.0,0.0,24.289,16.6,1647039660075
0.0,0.0,24.279,16.6,1647039660205
0.0,0.0,24.279,16.6,1647039660336
0.0,0.0,24.279,16.6,1647039660454
0.0,0.0,24.237,16.6,1647039660586
0.0,0.0,24.227,16.6,1647039660719
0.0,0.0,24.289,16.6,1647039660841
0.0,0.0,24.383,16.6,1647039660981
35.164913177490234,139.60455322265625,24.383,16.6,1647039660981
0.0,0.0,24.477,16.6,1647039661105
0.0,0.0,24.508,16.6,1647039661221
0.0,0.0,24.56,16.6,1647039661363
0.0,0.0,24.602,16.6,1647039661488
0.0,0.0,24.612,16.6,1647039661636
0.0,0.0,24.612,16.6,1647039661743
0.0,0.0,24.612,16.6,1647039661864
0.0,0.0,24.622,16.6,1647039661995
35.164913177490234,139.6045379638672,24.622,16.6,1647039661995
0.0,0.0,24.695,16.6,1647039662117
0.0,0.0,24.779,16.6,1647039662245
0.0,0.0,24.779,16.6,1647039662373
0.0,0.0,24.768,16.6,1647039662516
0.0,0.0,24.758,16.6,1647039662646
0.0,0.0,24.789,16.6,1647039662776
0.0,0.0,24.779,16.6,1647039662907
35.164913177490234,139.60452270507812,24.779,16.6,1647039662907
0.0,0.0,24.706,16.6,1647039663030
0.0,0.0,24.716,16.6,1647039663157
0.0,0.0,24.706,16.6,1647039663294
0.0,0.0,24.685,16.6,1647039663416
0.0,0.0,24.675,16.6,1647039663557
0.0,0.0,24.622,16.6,1647039663685
0.0,0.0,24.602,16.6,1647039663815
0.0,0.0,24.654,16.6,1647039663944
35.1649169921875,139.60450744628906,24.654,16.6,1647039663944
0.0,0.0,24.654,16.6,1647039664063
0.0,0.0,24.664,16.6,1647039664191
0.0,0.0,24.695,16.6,1647039664327
0.0,0.0,24.747,16.6,1647039664454
0.0,0.0,24.872,16.6,1647039664589
0.0,0.0,24.914,16.6,1647039664716
0.0,0.0,24.987,16.6,1647039664855
0.0,0.0,25.06,16.6,1647039664981
35.1649169921875,139.6044921875,25.06,16.6,1647039664981
0.0,0.0,25.091,16.6,1647039665108
0.0,0.0,25.122,16.6,1647039665239
0.0,0.0,25.112,16.6,1647039665507
0.0,0.0,25.06,16.6,1647039665662
0.0,0.0,25.08,16.6,1647039665765
0.0,0.0,25.06,16.6,1647039665940
35.1649169921875,139.6044921875,25.06,16.6,1647039665940
0.0,0.0,25.08,16.6,1647039666026
0.0,0.0,25.07,16.6,1647039666153
0.0,0.0,25.039,16.6,1647039666302
0.0,0.0,25.039,16.6,1647039666413
0.0,0.0,25.008,16.6,1647039666548
0.0,0.0,24.976,16.6,1647039666684
0.0,0.0,24.976,16.6,1647039666814
0.0,0.0,24.987,16.6,1647039666952
0.0,0.0,25.06,16.6,1647039667068
0.0,0.0,25.07,16.6,1647039667199
0.0,0.0,25.091,16.6,1647039667332
0.0,0.0,25.164,16.6,1647039667470
0.0,0.0,25.143,16.6,1647039667597
0.0,0.0,25.143,16.6,1647039667727
0.0,0.0,25.143,16.6,1647039667853
0.0,0.0,25.164,16.6,1647039667983
35.1649169921875,139.60446166992188,25.164,16.6,1647039667983
0.0,0.0,25.184,16.6,1647039668116
0.0,0.0,25.205,16.6,1647039668251
0.0,0.0,25.174,16.6,1647039668384
0.0,0.0,25.184,16.6,1647039668515
0.0,0.0,25.184,16.6,1647039668644
0.0,0.0,25.236,16.6,1647039668776
0.0,0.0,25.289,16.6,1647039668910
35.164920806884766,139.6044464111328,25.289,16.6,1647039668910
0.0,0.0,25.299,16.6,1647039669036
0.0,0.0,25.361,16.6,1647039669164
0.0,0.0,25.393,16.6,1647039669309
0.0,0.0,25.465,16.6,1647039669576
0.0,0.0,25.434,16.6,1647039669697
0.0,0.0,25.465,16.6,1647039669844
0.0,0.0,25.413,16.6,1647039669968
35.16492462158203,139.6044464111328,25.413,16.6,1647039669968
0.0,0.0,25.445,16.6,1647039670105
0.0,0.0,25.465,16.6,1647039670220
0.0,0.0,25.465,16.6,1647039670352
0.0,0.0,25.445,16.6,1647039670486
0.0,0.0,25.434,16.6,1647039670619
0.0,0.0,25.445,16.6,1647039670754
0.0,0.0,25.476,16.6,1647039670886
35.1649284362793,139.60443115234375,25.476,16.6,1647039670886
0.0,0.0,25.497,16.6,1647039671012
0.0,0.0,25.445,16.6,1647039671143
0.0,0.0,25.497,16.6,1647039671274
0.0,0.0,25.549,16.6,1647039671405
0.0,0.0,25.653,16.6,1647039671549
0.0,0.0,25.694,16.6,1647039671680
0.0,0.0,25.715,16.6,1647039671812
0.0,0.0,25.736,16.6,1647039671966
35.1649284362793,139.6044158935547,25.736,16.6,1647039671966
0.0,0.0,25.746,16.6,1647039672072
0.0,0.0,25.736,16.6,1647039672206
0.0,0.0,25.726,16.6,1647039672339
0.0,0.0,25.663,16.6,1647039672477
0.0,0.0,25.632,16.6,1647039672616
0.0,0.0,25.684,16.6,1647039672745
0.0,0.0,25.715,16.6,1647039672878
0.0,0.0,25.705,16.6,1647039673012
0.0,0.0,25.663,16.6,1647039673138
0.0,0.0,25.653,16.6,1647039673269
0.0,0.0,25.642,16.6,1647039673451
0.0,0.0,25.663,16.6,1647039673539
0.0,0.0,25.694,16.6,1647039673687
0.0,0.0,25.726,16.6,1647039673805
0.0,0.0,25.757,16.6,1647039673963
35.16493225097656,139.60440063476562,25.757,16.6,1647039673963
0.0,0.0,25.851,16.6,1647039674074
0.0,0.0,25.944,16.6,1647039674233
0.0,0.0,25.965,16.6,1647039674340
0.0,0.0,25.986,16.6,1647039674630
0.0,0.0,25.996,16.6,1647039674742
0.0,0.0,25.986,16.6,1647039674883
0.0,0.0,25.975,16.6,1647039675014
0.0,0.0,25.996,16.6,1647039675145
0.0,0.0,25.975,16.6,1647039675276
0.0,0.0,25.965,16.6,1647039675456
0.0,0.0,25.965,16.6,1647039675553
0.0,0.0,26.017,16.6,1647039675687
0.0,0.0,25.975,16.6,1647039675824
0.0,0.0,25.923,16.6,1647039675983
35.16493225097656,139.60438537597656,25.923,16.6,1647039675983
0.0,0.0,25.903,16.6,1647039676086
0.0,0.0,25.903,16.6,1647039676229
0.0,0.0,25.913,16.6,1647039676363
0.0,0.0,25.944,16.6,1647039676498
0.0,0.0,25.986,16.6,1647039676629
0.0,0.0,25.975,16.6,1647039676763
0.0,0.0,26.017,16.6,1647039676895
0.0,0.0,26.079,16.6,1647039677034
0.0,0.0,26.069,16.6,1647039677160
0.0,0.0,25.996,16.6,1647039677385
0.0,0.0,25.965,16.6,1647039677427
0.0,0.0,25.975,16.6,1647039677571
0.0,0.0,26.007,16.6,1647039677703
0.0,0.0,26.017,16.6,1647039677854
0.0,0.0,26.007,16.6,1647039677968
35.16492462158203,139.6043701171875,26.007,16.6,1647039677968
0.0,0.0,25.975,16.6,1647039678119
0.0,0.0,25.934,16.6,1647039678233
0.0,0.0,25.882,16.6,1647039678389
0.0,0.0,25.84,16.6,1647039678496
0.0,0.0,25.767,16.6,1647039678656
0.0,0.0,25.778,16.6,1647039678770
0.0,0.0,25.851,16.6,1647039678907
0.0,0.0,25.944,16.6,1647039679035
0.0,0.0,25.934,16.6,1647039679167
0.0,0.0,25.903,16.6,1647039679297
0.0,0.0,25.809,16.6,1647039679441
0.0,0.0,25.767,16.6,1647039679581
0.0,0.0,25.778,16.6,1647039679698
0.0,0.0,25.83,16.6,1647039679834
0.0,0.0,25.944,16.6,1647039679971
35.164920806884766,139.60433959960938,25.944,16.6,1647039679971
0.0,0.0,26.017,16.6,1647039680097
0.0,0.0,26.059,16.6,1647039680235
0.0,0.0,26.1,16.6,1647039680377
0.0,0.0,26.048,16.6,1647039680508
0.0,0.0,25.996,16.6,1647039680641
0.0,0.0,25.986,16.6,1647039680775
0.0,0.0,25.965,16.6,1647039680913
35.1649169921875,139.60433959960938,25.965,16.6,1647039680913
0.0,0.0,26.038,16.6,1647039681036
0.0,0.0,26.069,16.6,1647039681180
0.0,0.0,26.09,16.6,1647039681314
0.0,0.0,26.027,16.6,1647039681441
0.0,0.0,25.913,16.6,1647039681581
0.0,0.0,25.83,16.6,1647039681716
0.0,0.0,25.819,16.6,1647039681850
0.0,0.0,25.746,16.6,1647039681989
35.164913177490234,139.6043243408203,25.746,16.6,1647039681989
0.0,0.0,25.757,16.6,1647039682107
0.0,0.0,25.757,16.6,1647039682243
0.0,0.0,25.84,16.6,1647039682375
0.0,0.0,25.892,16.6,1647039682520
0.0,0.0,25.892,16.6,1647039682644
0.0,0.0,25.882,16.6,1647039682791
0.0,0.0,25.871,16.6,1647039682915
35.16490936279297,139.60430908203125,25.871,16.6,1647039682915
0.0,0.0,25.934,16.6,1647039683039
0.0,0.0,25.996,16.6,1647039683176
0.0,0.0,26.048,16.6,1647039683312
0.0,0.0,26.1,16.6,1647039683453
0.0,0.0,26.152,16.6,1647039683587
0.0,0.0,26.204,16.6,1647039683721
0.0,0.0,26.236,16.6,1647039683857
0.0,0.0,26.194,16.6,1647039683983
35.1649055480957,139.6042938232422,26.194,16.6,1647039683983
0.0,0.0,26.215,16.6,1647039684122
0.0,0.0,26.194,16.6,1647039684251
0.0,0.0,26.236,16.6,1647039684388
0.0,0.0,26.204,16.6,1647039684529
0.0,0.0,26.184,16.6,1647039684796
0.0,0.0,26.173,16.6,1647039684932
35.16490173339844,139.6042938232422,26.173,16.6,1647039684932
0.0,0.0,26.184,16.6,1647039685056
0.0,0.0,26.194,16.6,1647039685191
0.0,0.0,26.204,16.6,1647039685330
0.0,0.0,26.194,16.6,1647039685466
0.0,0.0,26.184,16.6,1647039685600
0.0,0.0,26.246,16.6,1647039685733
0.0,0.0,26.215,16.6,1647039685870
0.0,0.0,26.204,16.6,1647039686010
0.0,0.0,26.173,16.6,1647039686138
0.0,0.0,26.204,16.6,1647039686281
0.0,0.0,26.288,16.6,1647039686406
0.0,0.0,26.277,16.6,1647039686562
0.0,0.0,26.267,16.6,1647039686676
0.0,0.0,26.236,16.6,1647039686831
