0.0,0.0,5.61,26.0,1567289229048
0.0,0.0,5.61,26.0,1567289229048
0.0,0.0,5.61,26.0,1567289229134
0.0,0.0,5.61,26.0,1567289229330
0.0,0.0,5.61,26.0,1567289229337
0.0,0.0,5.61,26.0,1567289229628
0.0,0.0,5.61,26.0,1567289229641
0.0,0.0,5.61,26.0,1567289229742
0.0,0.0,5.61,26.0,1567289229930
0.0,0.0,5.64,26.0,1567289232398
0.0,0.0,5.64,26.0,1567289232402
0.0,0.0,5.64,26.0,1567289232403
0.0,0.0,5.64,26.0,1567289232407
0.0,0.0,5.64,26.0,1567289232409
0.0,0.0,5.64,26.0,1567289232411
0.0,0.0,5.64,26.0,1567289232413
0.0,0.0,5.64,26.0,1567289232417
0.0,0.0,5.64,26.0,1567289232417
0.0,0.0,5.64,26.0,1567289232418
0.0,0.0,5.64,26.0,1567289232419
0.0,0.0,5.64,26.0,1567289232421
0.0,0.0,5.64,26.0,1567289232421
0.0,0.0,5.64,26.0,1567289232422
0.0,0.0,5.64,26.0,1567289232423
0.0,0.0,5.64,26.0,1567289232425
0.0,0.0,5.61,26.0,1567289232426
0.0,0.0,5.61,26.0,1567289232428
0.0,0.0,5.61,26.0,1567289232430
0.0,0.0,5.61,26.0,1567289232431
0.0,0.0,5.61,26.0,1567289232432
0.0,0.0,5.61,26.0,1567289232434
0.0,0.0,5.61,26.0,1567289232435
0.0,0.0,5.61,26.0,1567289232437
0.0,0.0,5.61,26.0,1567289232438
0.0,0.0,5.61,26.0,1567289232478
0.0,0.0,5.61,26.0,1567289232580
35.162601470947266,139.61572265625,5.61,26.0,1567289232625
0.0,0.0,5.61,26.0,1567289233333
0.0,0.0,5.61,26.0,1567289233335
0.0,0.0,5.61,26.0,1567289233336
0.0,0.0,5.61,26.0,1567289233337
0.0,0.0,5.61,26.0,1567289233340
0.0,0.0,5.61,26.0,1567289233341
0.0,0.0,5.61,26.0,1567289233343
0.0,0.0,5.61,26.0,1567289233390
0.0,0.0,5.61,26.0,1567289233492
0.0,0.0,5.61,26.0,1567289233593
0.0,0.0,5.61,26.0,1567289233695
0.0,0.0,5.61,26.0,1567289233796
0.0,0.0,5.61,26.0,1567289233897
0.0,0.0,5.58,26.0,1567289234001
0.0,0.0,5.58,26.0,1567289234100
0.0,0.0,5.58,26.0,1567289234225
0.0,0.0,5.58,26.0,1567289234303
0.0,0.0,5.58,26.0,1567289234404
0.0,0.0,5.58,26.0,1567289234505
0.0,0.0,5.58,26.0,1567289234607
0.0,0.0,5.58,26.0,1567289234708
0.0,0.0,5.58,26.0,1567289234810
0.0,0.0,5.58,26.0,1567289234911
0.0,0.0,5.58,26.0,1567289235014
0.0,0.0,5.58,26.0,1567289235113
0.0,0.0,5.58,26.0,1567289235215
35.16261291503906,139.61570739746094,5.58,26.0,1567289235215
0.0,0.0,5.58,26.0,1567289235316
0.0,0.0,5.58,26.0,1567289235417
0.0,0.0,5.58,26.0,1567289235519
0.0,0.0,5.58,26.0,1567289235620
0.0,0.0,5.58,26.0,1567289235723
0.0,0.0,5.58,26.0,1567289235823
0.0,0.0,5.58,26.0,1567289235924
0.0,0.0,5.58,26.0,1567289236027
0.0,0.0,5.58,26.0,1567289236127
0.0,0.0,5.58,26.0,1567289236228
0.0,0.0,5.58,26.0,1567289236405
0.0,0.0,5.58,26.0,1567289236431
0.0,0.0,5.58,26.0,1567289236532
0.0,0.0,5.58,26.0,1567289236633
0.0,0.0,5.58,26.0,1567289236735
0.0,0.0,5.58,26.0,1567289236837
0.0,0.0,5.58,26.0,1567289236938
0.0,0.0,5.58,26.0,1567289237041
0.0,0.0,5.58,26.0,1567289237140
0.0,0.0,5.58,26.0,1567289237241
0.0,0.0,5.58,26.0,1567289237343
0.0,0.0,5.58,26.0,1567289237444
0.0,0.0,5.58,26.0,1567289237545
35.162620544433594,139.61569213867188,5.58,26.0,1567289237546
0.0,0.0,5.58,26.0,1567289238391
0.0,0.0,5.58,26.0,1567289238392
0.0,0.0,5.58,26.0,1567289238393
0.0,0.0,5.58,26.0,1567289238393
0.0,0.0,5.58,26.0,1567289238394
0.0,0.0,5.58,26.0,1567289238394
0.0,0.0,5.58,26.0,1567289238395
0.0,0.0,5.58,26.0,1567289238395
0.0,0.0,5.58,26.0,1567289238459
0.0,0.0,5.58,26.0,1567289238559
0.0,0.0,5.58,26.0,1567289238660
0.0,0.0,5.58,26.0,1567289238762
0.0,0.0,5.58,26.0,1567289238863
0.0,0.0,5.58,26.0,1567289238964
0.0,0.0,5.58,26.0,1567289239068
0.0,0.0,5.58,26.0,1567289239167
0.0,0.0,5.58,26.0,1567289239269
0.0,0.0,5.58,26.0,1567289239370
0.0,0.0,5.58,26.0,1567289239471
0.0,0.0,5.58,26.0,1567289239573
0.0,0.0,5.58,26.0,1567289239775
35.162628173828125,139.61569213867188,5.58,26.0,1567289239786
0.0,0.0,5.58,26.0,1567289239877
0.0,0.0,5.58,26.0,1567289239989
0.0,0.0,5.58,26.0,1567289240081
0.0,0.0,5.58,26.0,1567289240180
0.0,0.0,5.58,26.0,1567289240282
0.0,0.0,5.58,26.0,1567289240383
0.0,0.0,5.58,26.0,1567289240484
0.0,0.0,5.58,26.0,1567289240586
0.0,0.0,5.58,26.0,1567289240687
0.0,0.0,5.58,26.0,1567289240789
0.0,0.0,5.58,26.0,1567289240890
0.0,0.0,5.58,26.0,1567289240991
0.0,0.0,5.58,26.0,1567289241095
0.0,0.0,5.58,26.0,1567289241194
0.0,0.0,5.58,26.0,1567289241296
0.0,0.0,5.58,26.0,1567289241397
0.0,0.0,5.61,26.0,1567289241525
0.0,0.0,5.61,26.0,1567289241600
0.0,0.0,5.61,26.0,1567289241701
0.0,0.0,5.61,26.0,1567289241802
0.0,0.0,5.61,26.0,1567289241903
0.0,0.0,5.61,26.0,1567289242005
0.0,0.0,5.61,26.0,1567289242108
0.0,0.0,5.61,26.0,1567289242207
0.0,0.0,5.61,26.0,1567289242309
0.0,0.0,5.61,26.0,1567289242411
0.0,0.0,5.61,26.0,1567289242511
0.0,0.0,5.61,26.0,1567289242624
0.0,0.0,5.61,26.0,1567289243512
0.0,0.0,5.64,26.0,1567289243513
35.16263961791992,139.6156768798828,5.64,26.0,1567289243513
0.0,0.0,5.64,26.0,1567289243520
0.0,0.0,5.64,26.0,1567289243521
0.0,0.0,5.64,26.0,1567289243521
0.0,0.0,5.64,26.0,1567289243521
0.0,0.0,5.64,26.0,1567289243522
0.0,0.0,5.66,26.0,1567289243522
0.0,0.0,5.66,26.0,1567289243527
0.0,0.0,5.66,26.0,1567289243626
0.0,0.0,5.66,26.0,1567289243728
0.0,0.0,5.66,26.0,1567289243830
0.0,0.0,5.66,26.0,1567289243930
0.0,0.0,5.66,26.0,1567289244032
0.0,0.0,5.66,26.0,1567289244136
0.0,0.0,5.66,26.0,1567289244234
0.0,0.0,5.66,26.0,1567289244336
0.0,0.0,5.66,26.0,1567289244437
0.0,0.0,5.66,26.0,1567289244539
0.0,0.0,5.66,26.0,1567289244640
0.0,0.0,5.69,26.0,1567289244741
0.0,0.0,5.69,26.0,1567289244842
0.0,0.0,5.69,26.0,1567289244944
0.0,0.0,5.69,26.0,1567289245045
0.0,0.0,5.69,26.0,1567289245149
0.0,0.0,5.69,26.0,1567289245248
0.0,0.0,5.69,26.0,1567289245349
0.0,0.0,5.69,26.0,1567289245450
0.0,0.0,5.69,26.0,1567289245654
0.0,0.0,5.69,26.0,1567289245754
0.0,0.0,5.69,26.0,1567289245856
0.0,0.0,5.69,26.0,1567289245957
0.0,0.0,5.69,26.0,1567289246059
0.0,0.0,5.69,26.0,1567289246162
0.0,0.0,5.66,26.0,1567289246261
0.0,0.0,5.66,26.0,1567289246363
0.0,0.0,5.66,26.0,1567289246464
0.0,0.0,5.66,26.0,1567289246566
0.0,0.0,5.66,26.0,1567289246668
0.0,0.0,5.66,26.0,1567289246768
0.0,0.0,5.66,26.0,1567289246871
0.0,0.0,5.66,26.0,1567289246970
0.0,0.0,5.66,26.0,1567289247072
0.0,0.0,5.66,26.0,1567289247175
0.0,0.0,5.66,26.0,1567289247274
0.0,0.0,5.69,26.0,1567289247378
0.0,0.0,5.69,26.0,1567289247477
0.0,0.0,5.69,25.0,1567289247579
0.0,0.0,5.69,25.0,1567289248181
0.0,0.0,5.69,25.0,1567289248182
35.16264724731445,139.6156768798828,5.69,25.0,1567289248182
0.0,0.0,5.69,25.0,1567289248191
0.0,0.0,5.69,25.0,1567289248192
0.0,0.0,5.69,25.0,1567289248193
0.0,0.0,5.69,25.0,1567289248193
0.0,0.0,5.69,25.0,1567289248288
0.0,0.0,5.69,25.0,1567289248389
0.0,0.0,5.69,25.0,1567289248491
0.0,0.0,5.69,25.0,1567289248592
0.0,0.0,5.69,25.0,1567289248693
0.0,0.0,5.69,25.0,1567289248795
0.0,0.0,5.69,25.0,1567289248896
0.0,0.0,5.69,25.0,1567289248997
0.0,0.0,5.69,25.0,1567289249099
0.0,0.0,5.69,25.0,1567289249203
0.0,0.0,5.69,25.0,1567289249301
0.0,0.0,5.69,25.0,1567289249540
0.0,0.0,5.69,25.0,1567289249540
0.0,0.0,5.69,25.0,1567289249606
0.0,0.0,5.72,25.0,1567289249820
0.0,0.0,5.72,25.0,1567289249820
0.0,0.0,5.72,25.0,1567289249910
0.0,0.0,5.72,25.0,1567289250096
0.0,0.0,5.72,25.0,1567289250112
0.0,0.0,5.72,25.0,1567289250398
0.0,0.0,5.72,25.0,1567289250398
0.0,0.0,5.69,25.0,1567289250417
0.0,0.0,5.69,25.0,1567289250696
0.0,0.0,5.69,25.0,1567289250707
0.0,0.0,5.69,25.0,1567289250720
0.0,0.0,5.69,25.0,1567289250991
0.0,0.0,5.69,25.0,1567289250992
0.0,0.0,5.69,25.0,1567289251024
0.0,0.0,5.69,25.0,1567289251292
0.0,0.0,5.69,25.0,1567289251292
0.0,0.0,5.66,25.0,1567289251330
0.0,0.0,5.66,25.0,1567289251599
0.0,0.0,5.66,25.0,1567289251600
0.0,0.0,5.66,25.0,1567289251632
0.0,0.0,5.66,25.0,1567289251906
0.0,0.0,5.66,25.0,1567289251907
35.162654876708984,139.6156768798828,5.66,25.0,1567289251909
0.0,0.0,5.66,25.0,1567289251938
0.0,0.0,5.66,25.0,1567289252209
0.0,0.0,5.66,25.0,1567289252211
0.0,0.0,5.66,25.0,1567289252243
0.0,0.0,5.66,25.0,1567289252515
0.0,0.0,5.66,25.0,1567289252516
0.0,0.0,5.66,25.0,1567289252546
0.0,0.0,5.66,25.0,1567289253199
0.0,0.0,5.64,25.0,1567289253199
0.0,0.0,5.64,25.0,1567289253200
0.0,0.0,5.64,25.0,1567289253202
0.0,0.0,5.64,25.0,1567289253203
0.0,0.0,5.64,25.0,1567289253203
0.0,0.0,5.64,25.0,1567289253262
0.0,0.0,5.64,25.0,1567289253356
0.0,0.0,5.64,25.0,1567289253457
0.0,0.0,5.64,25.0,1567289253559
0.0,0.0,5.64,25.0,1567289253660
0.0,0.0,5.66,25.0,1567289253862
0.0,0.0,5.66,25.0,1567289253964
0.0,0.0,5.64,25.0,1567289254065
0.0,0.0,5.64,25.0,1567289254166
35.162654876708984,139.6156768798828,5.64,25.0,1567289254168
0.0,0.0,5.66,25.0,1567289254325
0.0,0.0,5.66,25.0,1567289254369
0.0,0.0,5.66,25.0,1567289254470
0.0,0.0,5.66,25.0,1567289254572
0.0,0.0,5.66,25.0,1567289254673
0.0,0.0,5.64,25.0,1567289254775
0.0,0.0,5.64,25.0,1567289254876
0.0,0.0,5.64,25.0,1567289254978
0.0,0.0,5.64,25.0,1567289255078
0.0,0.0,5.64,25.0,1567289255180
0.0,0.0,5.64,25.0,1567289255283
0.0,0.0,5.64,25.0,1567289255382
0.0,0.0,5.64,25.0,1567289255484
0.0,0.0,5.64,25.0,1567289255585
0.0,0.0,5.64,25.0,1567289255687
0.0,0.0,5.64,25.0,1567289255788
0.0,0.0,5.64,25.0,1567289255889
0.0,0.0,5.64,25.0,1567289255991
0.0,0.0,5.64,25.0,1567289256092
0.0,0.0,5.64,25.0,1567289256193
0.0,0.0,5.64,25.0,1567289256297
0.0,0.0,5.64,25.0,1567289256396
0.0,0.0,5.64,25.0,1567289256497
0.0,0.0,5.64,25.0,1567289256598
0.0,0.0,5.64,25.0,1567289256700
0.0,0.0,5.64,25.0,1567289256801
0.0,0.0,5.64,25.0,1567289256902
0.0,0.0,5.64,25.0,1567289257004
0.0,0.0,5.64,25.0,1567289257105
0.0,0.0,5.64,25.0,1567289257206
0.0,0.0,5.64,25.0,1567289257310
0.0,0.0,5.64,25.0,1567289257409
0.0,0.0,5.66,25.0,1567289257511
0.0,0.0,5.66,25.0,1567289257618
35.16265869140625,139.6156768798828,5.66,25.0,1567289257619
0.0,0.0,5.66,25.0,1567289258422
0.0,0.0,5.66,25.0,1567289258423
0.0,0.0,5.66,25.0,1567289258427
0.0,0.0,5.66,25.0,1567289258432
0.0,0.0,5.66,25.0,1567289258437
0.0,0.0,5.66,25.0,1567289258437
0.0,0.0,5.66,25.0,1567289258441
0.0,0.0,5.66,25.0,1567289258442
0.0,0.0,5.66,25.0,1567289258524
0.0,0.0,5.66,25.0,1567289258625
0.0,0.0,5.69,25.0,1567289258727
0.0,0.0,5.69,25.0,1567289258828
0.0,0.0,5.69,25.0,1567289258930
0.0,0.0,5.69,25.0,1567289259032
0.0,0.0,5.69,25.0,1567289259132
0.0,0.0,5.72,25.0,1567289259233
0.0,0.0,5.72,25.0,1567289259337
0.0,0.0,5.72,25.0,1567289259436
0.0,0.0,5.72,25.0,1567289259538
0.0,0.0,5.72,25.0,1567289259640
0.0,0.0,5.72,25.0,1567289259740
0.0,0.0,5.72,25.0,1567289259842
35.16265869140625,139.6156768798828,5.72,25.0,1567289259842
0.0,0.0,5.74,25.0,1567289259943
0.0,0.0,5.74,25.0,1567289260044
0.0,0.0,5.72,25.0,1567289260146
0.0,0.0,5.72,25.0,1567289260247
0.0,0.0,5.72,25.0,1567289260352
0.0,0.0,5.72,25.0,1567289260450
0.0,0.0,5.72,25.0,1567289260551
0.0,0.0,5.72,25.0,1567289260652
0.0,0.0,5.72,25.0,1567289260754
0.0,0.0,5.72,25.0,1567289260855
0.0,0.0,5.72,25.0,1567289260957
0.0,0.0,5.72,25.0,1567289261058
0.0,0.0,5.72,25.0,1567289261159
0.0,0.0,5.72,25.0,1567289261260
0.0,0.0,5.72,25.0,1567289261364
0.0,0.0,5.72,25.0,1567289261463
0.0,0.0,5.72,25.0,1567289261564
0.0,0.0,5.72,25.0,1567289261666
0.0,0.0,5.72,25.0,1567289261767
0.0,0.0,5.72,25.0,1567289261869
0.0,0.0,5.72,25.0,1567289261970
0.0,0.0,5.72,25.0,1567289262071
0.0,0.0,5.72,25.0,1567289262173
0.0,0.0,5.72,25.0,1567289262274
0.0,0.0,5.69,25.0,1567289262378
0.0,0.0,5.69,25.0,1567289262479
0.0,0.0,5.69,25.0,1567289262578
0.0,0.0,5.69,25.0,1567289262738
0.0,0.0,5.69,25.0,1567289262781
0.0,0.0,5.69,25.0,1567289262882
0.0,0.0,5.69,25.0,1567289262983
0.0,0.0,5.69,25.0,1567289263085
0.0,0.0,5.69,25.0,1567289263186
0.0,0.0,5.69,25.0,1567289263774
0.0,0.0,5.66,25.0,1567289263775
0.0,0.0,5.66,25.0,1567289263784
0.0,0.0,5.66,25.0,1567289263785
0.0,0.0,5.66,25.0,1567289263785
0.0,0.0,5.66,25.0,1567289263795
35.16265869140625,139.6156768798828,5.66,25.0,1567289263802
0.0,0.0,5.66,25.0,1567289263896
0.0,0.0,5.66,25.0,1567289264099
0.0,0.0,5.66,25.0,1567289264199
0.0,0.0,5.66,25.0,1567289264301
0.0,0.0,5.66,25.0,1567289264404
0.0,0.0,5.66,25.0,1567289264503
0.0,0.0,5.66,25.0,1567289264605
0.0,0.0,5.66,25.0,1567289264706
0.0,0.0,5.66,25.0,1567289264808
0.0,0.0,5.66,25.0,1567289264909
0.0,0.0,5.66,25.0,1567289265011
0.0,0.0,5.66,25.0,1567289265112
0.0,0.0,5.66,25.0,1567289265213
0.0,0.0,5.66,25.0,1567289265314
0.0,0.0,5.66,25.0,1567289265418
0.0,0.0,5.66,25.0,1567289265517
0.0,0.0,5.66,25.0,1567289265619
0.0,0.0,5.66,25.0,1567289265720
0.0,0.0,5.66,25.0,1567289265822
0.0,0.0,5.64,25.0,1567289265922
0.0,0.0,5.64,25.0,1567289266024
0.0,0.0,5.64,25.0,1567289266125
0.0,0.0,5.64,25.0,1567289266226
0.0,0.0,5.66,25.0,1567289266328
0.0,0.0,5.64,25.0,1567289266431
0.0,0.0,5.64,25.0,1567289266530
0.0,0.0,5.64,25.0,1567289266632
0.0,0.0,5.64,25.0,1567289266733
0.0,0.0,5.64,25.0,1567289266834
0.0,0.0,5.64,25.0,1567289266937
0.0,0.0,5.66,25.0,1567289267037
0.0,0.0,5.66,25.0,1567289267139
0.0,0.0,5.66,25.0,1567289267240
35.16265869140625,139.6156768798828,5.66,25.0,1567289267240
0.0,0.0,5.66,25.0,1567289267341
0.0,0.0,5.66,25.0,1567289267444
0.0,0.0,5.66,25.0,1567289267544
0.0,0.0,5.66,25.0,1567289267645
0.0,0.0,5.66,25.0,1567289267746
0.0,0.0,5.66,25.0,1567289267858
0.0,0.0,5.66,25.0,1567289267950
0.0,0.0,5.66,25.0,1567289268050
0.0,0.0,5.66,25.0,1567289268152
0.0,0.0,5.66,25.0,1567289268253
0.0,0.0,5.66,25.0,1567289268770
0.0,0.0,5.66,25.0,1567289268771
0.0,0.0,5.66,25.0,1567289268771
0.0,0.0,5.66,25.0,1567289268775
0.0,0.0,5.66,25.0,1567289268776
0.0,0.0,5.66,25.0,1567289268862
0.0,0.0,5.66,25.0,1567289268963
0.0,0.0,5.66,25.0,1567289269064
0.0,0.0,5.66,25.0,1567289269167
0.0,0.0,5.69,25.0,1567289269267
0.0,0.0,5.69,25.0,1567289269369
0.0,0.0,5.69,25.0,1567289269547
0.0,0.0,5.66,25.0,1567289269573
0.0,0.0,5.69,25.0,1567289269837
0.0,0.0,5.69,25.0,1567289269838
0.0,0.0,5.69,25.0,1567289269875
0.0,0.0,5.69,25.0,1567289270114
0.0,0.0,5.69,25.0,1567289270114
0.0,0.0,5.69,25.0,1567289270179
0.0,0.0,5.69,25.0,1567289270488
0.0,0.0,5.69,25.0,1567289270693
0.0,0.0,5.69,25.0,1567289270694
0.0,0.0,5.69,25.0,1567289270787
0.0,0.0,5.69,25.0,1567289270983
0.0,0.0,5.69,25.0,1567289270990
0.0,0.0,5.69,25.0,1567289271091
0.0,0.0,5.66,25.0,1567289271287
0.0,0.0,5.66,25.0,1567289271294
0.0,0.0,5.66,25.0,1567289271395
0.0,0.0,5.66,25.0,1567289271592
0.0,0.0,5.66,25.0,1567289271603
0.0,0.0,5.66,25.0,1567289271699
35.16265869140625,139.6156768798828,5.66,25.0,1567289271699
0.0,0.0,5.66,25.0,1567289271895
0.0,0.0,5.66,25.0,1567289271902
0.0,0.0,5.66,25.0,1567289272003
0.0,0.0,5.66,25.0,1567289272196
0.0,0.0,5.66,25.0,1567289272210
0.0,0.0,5.66,25.0,1567289272309
0.0,0.0,5.66,25.0,1567289272500
0.0,0.0,5.66,25.0,1567289272514
0.0,0.0,5.66,25.0,1567289272611
0.0,0.0,5.66,25.0,1567289272713
0.0,0.0,5.66,25.0,1567289272814
0.0,0.0,5.66,25.0,1567289272916
0.0,0.0,5.66,25.0,1567289273017
0.0,0.0,5.66,25.0,1567289273118
0.0,0.0,5.66,25.0,1567289273220
0.0,0.0,5.66,25.0,1567289273771
0.0,0.0,5.66,25.0,1567289273773
0.0,0.0,5.66,25.0,1567289273773
0.0,0.0,5.66,25.0,1567289273774
0.0,0.0,5.66,25.0,1567289273775
0.0,0.0,5.64,25.0,1567289273828
0.0,0.0,5.64,25.0,1567289273929
0.0,0.0,5.64,25.0,1567289274030
0.0,0.0,5.64,25.0,1567289274131
0.0,0.0,5.64,25.0,1567289274320
0.0,0.0,5.64,25.0,1567289274334
0.0,0.0,5.66,25.0,1567289274435
0.0,0.0,5.66,25.0,1567289274620
0.0,0.0,5.66,25.0,1567289274640
0.0,0.0,5.66,25.0,1567289274740
0.0,0.0,5.66,25.0,1567289274899
0.0,0.0,5.66,25.0,1567289274943
0.0,0.0,5.66,25.0,1567289275207
0.0,0.0,5.66,25.0,1567289275227
0.0,0.0,5.66,25.0,1567289275246
0.0,0.0,5.66,25.0,1567289275514
0.0,0.0,5.66,25.0,1567289275514
0.0,0.0,5.66,25.0,1567289275552
0.0,0.0,5.66,25.0,1567289275801
0.0,0.0,5.66,25.0,1567289275802
0.0,0.0,5.66,25.0,1567289275855
0.0,0.0,5.66,25.0,1567289276109
0.0,0.0,5.66,25.0,1567289276110
0.0,0.0,5.66,25.0,1567289276158
0.0,0.0,5.66,25.0,1567289276416
0.0,0.0,5.69,25.0,1567289276417
0.0,0.0,5.69,25.0,1567289276462
0.0,0.0,5.69,25.0,1567289276722
0.0,0.0,5.69,25.0,1567289276723
0.0,0.0,5.69,25.0,1567289276766
0.0,0.0,5.69,25.0,1567289277031
0.0,0.0,5.69,25.0,1567289277031
0.0,0.0,5.69,25.0,1567289277070
0.0,0.0,5.69,25.0,1567289277334
0.0,0.0,5.69,25.0,1567289277334
0.0,0.0,5.69,25.0,1567289277376
0.0,0.0,5.69,25.0,1567289277476
35.16265869140625,139.6156768798828,5.69,25.0,1567289277476
0.0,0.0,5.69,25.0,1567289277579
0.0,0.0,5.69,25.0,1567289277679
0.0,0.0,5.69,25.0,1567289277780
0.0,0.0,5.69,25.0,1567289277881
0.0,0.0,5.69,25.0,1567289277983
0.0,0.0,5.69,25.0,1567289278186
0.0,0.0,5.69,25.0,1567289278771
0.0,0.0,5.69,25.0,1567289278785
0.0,0.0,5.69,25.0,1567289278785
0.0,0.0,5.69,25.0,1567289278786
0.0,0.0,5.69,25.0,1567289278786
0.0,0.0,5.69,25.0,1567289278794
0.0,0.0,5.69,25.0,1567289278895
0.0,0.0,5.69,25.0,1567289278996
0.0,0.0,5.69,25.0,1567289279097
0.0,0.0,5.69,25.0,1567289279199
0.0,0.0,5.69,25.0,1567289279300
0.0,0.0,5.69,25.0,1567289279401
0.0,0.0,5.69,25.0,1567289279503
0.0,0.0,5.69,25.0,1567289279606
0.0,0.0,5.69,25.0,1567289279706
0.0,0.0,5.69,25.0,1567289279807
35.16265869140625,139.6156768798828,5.69,25.0,1567289279808
0.0,0.0,5.69,25.0,1567289279908
0.0,0.0,5.69,25.0,1567289280010
0.0,0.0,5.69,25.0,1567289280111
0.0,0.0,5.69,25.0,1567289280213
0.0,0.0,5.69,25.0,1567289280314
0.0,0.0,5.69,25.0,1567289280415
0.0,0.0,5.69,25.0,1567289280517
0.0,0.0,5.69,25.0,1567289280620
0.0,0.0,5.69,25.0,1567289280719
0.0,0.0,5.69,25.0,1567289280823
0.0,0.0,5.69,25.0,1567289280922
0.0,0.0,5.69,25.0,1567289281023
0.0,0.0,5.69,25.0,1567289281124
0.0,0.0,5.69,25.0,1567289281226
0.0,0.0,5.69,25.0,1567289281327
0.0,0.0,5.69,25.0,1567289281429
0.0,0.0,5.69,25.0,1567289281530
0.0,0.0,5.69,25.0,1567289281633
0.0,0.0,5.69,25.0,1567289281732
0.0,0.0,5.69,25.0,1567289281834
0.0,0.0,5.69,25.0,1567289282037
0.0,0.0,5.69,25.0,1567289282140
0.0,0.0,5.69,25.0,1567289282239
0.0,0.0,5.69,25.0,1567289282382
0.0,0.0,5.69,25.0,1567289282442
0.0,0.0,5.69,25.0,1567289282543
0.0,0.0,5.69,25.0,1567289282646
0.0,0.0,5.69,25.0,1567289282746
0.0,0.0,5.69,25.0,1567289282847
0.0,0.0,5.69,25.0,1567289282950
0.0,0.0,5.69,25.0,1567289283050
0.0,0.0,5.69,25.0,1567289283151
0.0,0.0,5.69,25.0,1567289283253
0.0,0.0,5.69,25.0,1567289283772
0.0,0.0,5.69,25.0,1567289283772
0.0,0.0,5.69,25.0,1567289283776
0.0,0.0,5.69,25.0,1567289283777
0.0,0.0,5.69,25.0,1567289283780
0.0,0.0,5.69,25.0,1567289283864
0.0,0.0,5.69,25.0,1567289283962
0.0,0.0,5.69,25.0,1567289284063
0.0,0.0,5.69,25.0,1567289284165
0.0,0.0,5.69,25.0,1567289284266
0.0,0.0,5.69,25.0,1567289284369
0.0,0.0,5.69,25.0,1567289284469
0.0,0.0,5.69,25.0,1567289284570
0.0,0.0,5.69,25.0,1567289284673
0.0,0.0,5.69,25.0,1567289284773
0.0,0.0,5.69,25.0,1567289284874
0.0,0.0,5.69,25.0,1567289284975
0.0,0.0,5.74,25.0,1567289318848
0.0,0.0,5.74,25.0,1567289319004
0.0,0.0,5.74,25.0,1567289319106
0.0,0.0,5.74,25.0,1567289319697
0.0,0.0,5.74,25.0,1567289319700
0.0,0.0,5.74,25.0,1567289319700
0.0,0.0,5.74,25.0,1567289319700
0.0,0.0,5.74,25.0,1567289319701
0.0,0.0,5.74,25.0,1567289319714
0.0,0.0,5.74,25.0,1567289319816
0.0,0.0,5.74,25.0,1567289319915
0.0,0.0,5.74,25.0,1567289320017
0.0,0.0,5.74,25.0,1567289320118
0.0,0.0,5.74,25.0,1567289320219
0.0,0.0,5.74,25.0,1567289320422
0.0,0.0,5.74,25.0,1567289320524
0.0,0.0,5.74,25.0,1567289320625
0.0,0.0,5.74,25.0,1567289320822
0.0,0.0,5.74,25.0,1567289320833
0.0,0.0,5.74,25.0,1567289320929
0.0,0.0,5.74,25.0,1567289321030
35.16265869140625,139.6156768798828,5.74,25.0,1567289321031
0.0,0.0,5.74,25.0,1567289321131
0.0,0.0,5.74,25.0,1567289321233
0.0,0.0,5.74,25.0,1567289321334
0.0,0.0,5.74,25.0,1567289321435
0.0,0.0,5.74,25.0,1567289321537
0.0,0.0,5.77,25.0,1567289321638
0.0,0.0,5.77,25.0,1567289321740
0.0,0.0,5.77,25.0,1567289321843
0.0,0.0,5.77,25.0,1567289321942
0.0,0.0,5.77,25.0,1567289322044
0.0,0.0,5.77,25.0,1567289322145
0.0,0.0,5.77,25.0,1567289322246
0.0,0.0,5.77,25.0,1567289322348
0.0,0.0,5.77,25.0,1567289322449
0.0,0.0,5.77,25.0,1567289322551
0.0,0.0,5.77,25.0,1567289322652
0.0,0.0,5.77,25.0,1567289322753
0.0,0.0,5.77,25.0,1567289322857
0.0,0.0,5.77,25.0,1567289322957
0.0,0.0,5.8,25.0,1567289323057
0.0,0.0,5.8,25.0,1567289323159
0.0,0.0,5.8,25.0,1567289323260
0.0,0.0,5.77,25.0,1567289323362
35.16265869140625,139.6156768798828,5.77,25.0,1567289323363
0.0,0.0,5.77,25.0,1567289323463
0.0,0.0,5.77,25.0,1567289323564
0.0,0.0,5.77,25.0,1567289323665
0.0,0.0,5.77,25.0,1567289323769
0.0,0.0,5.77,25.0,1567289323870
0.0,0.0,5.77,25.0,1567289323970
0.0,0.0,5.77,25.0,1567289324071
0.0,0.0,5.77,25.0,1567289324178
0.0,0.0,5.77,25.0,1567289324713
0.0,0.0,5.77,25.0,1567289324714
0.0,0.0,5.77,25.0,1567289324714
0.0,0.0,5.77,25.0,1567289324715
0.0,0.0,5.77,25.0,1567289324715
0.0,0.0,5.77,25.0,1567289324780
0.0,0.0,5.77,25.0,1567289324884
0.0,0.0,5.77,25.0,1567289324983
0.0,0.0,5.77,25.0,1567289325084
0.0,0.0,5.77,25.0,1567289325186
0.0,0.0,5.77,25.0,1567289325287
0.0,0.0,5.77,25.0,1567289325388
0.0,0.0,5.77,25.0,1567289325490
0.0,0.0,5.77,25.0,1567289325591
0.0,0.0,5.77,25.0,1567289325693
0.0,0.0,5.77,25.0,1567289325794
0.0,0.0,5.77,25.0,1567289325898
0.0,0.0,5.77,25.0,1567289325997
0.0,0.0,5.77,25.0,1567289326098
0.0,0.0,5.77,25.0,1567289326200
0.0,0.0,5.77,25.0,1567289326301
0.0,0.0,5.77,25.0,1567289326402
0.0,0.0,5.77,25.0,1567289326504
0.0,0.0,5.77,25.0,1567289326605
0.0,0.0,5.77,25.0,1567289326707
0.0,0.0,5.77,25.0,1567289326807
0.0,0.0,5.77,25.0,1567289326911
0.0,0.0,5.77,25.0,1567289327010
0.0,0.0,5.77,25.0,1567289327111
0.0,0.0,5.77,25.0,1567289327213
0.0,0.0,5.77,25.0,1567289327315
0.0,0.0,5.77,25.0,1567289327415
0.0,0.0,5.8,25.0,1567289327517
0.0,0.0,5.8,25.0,1567289327618
0.0,0.0,5.8,25.0,1567289327720
0.0,0.0,5.8,25.0,1567289327821
0.0,0.0,5.8,25.0,1567289327924
35.16265869140625,139.6156768798828,5.8,25.0,1567289327925
0.0,0.0,5.8,25.0,1567289328023
0.0,0.0,5.8,25.0,1567289328125
0.0,0.0,5.83,25.0,1567289328227
0.0,0.0,5.83,25.0,1567289328327
0.0,0.0,5.83,25.0,1567289328429
0.0,0.0,5.83,25.0,1567289328530
0.0,0.0,5.83,25.0,1567289328631
0.0,0.0,5.83,25.0,1567289328733
0.0,0.0,5.83,25.0,1567289328834
0.0,0.0,5.83,25.0,1567289328938
0.0,0.0,5.83,25.0,1567289329037
0.0,0.0,5.83,25.0,1567289329138
0.0,0.0,5.83,25.0,1567289329298
0.0,0.0,5.83,25.0,1567289329344
0.0,0.0,5.83,25.0,1567289329568
0.0,0.0,5.83,25.0,1567289329569
0.0,0.0,5.83,25.0,1567289329645
0.0,0.0,5.83,25.0,1567289329850
0.0,0.0,5.83,25.0,1567289329850
0.0,0.0,5.83,25.0,1567289330432
0.0,0.0,5.83,25.0,1567289330432
35.162654876708984,139.6156768798828,5.83,25.0,1567289330433
0.0,0.0,5.85,25.0,1567289330444
0.0,0.0,5.85,25.0,1567289330446
0.0,0.0,5.85,25.0,1567289330446
0.0,0.0,5.85,25.0,1567289330460
0.0,0.0,5.85,25.0,1567289330691
0.0,0.0,5.88,25.0,1567289330692
0.0,0.0,5.85,25.0,1567289330760
0.0,0.0,5.88,25.0,1567289331004
0.0,0.0,5.88,25.0,1567289331005
0.0,0.0,5.88,25.0,1567289331064
0.0,0.0,5.88,25.0,1567289331306
0.0,0.0,5.88,25.0,1567289331307
0.0,0.0,5.88,25.0,1567289331368
0.0,0.0,5.88,25.0,1567289331613
0.0,0.0,5.88,25.0,1567289331630
0.0,0.0,5.88,25.0,1567289331673
0.0,0.0,5.88,25.0,1567289331920
0.0,0.0,5.88,25.0,1567289331921
0.0,0.0,5.88,25.0,1567289331978
0.0,0.0,5.88,25.0,1567289332229
0.0,0.0,5.88,25.0,1567289332230
0.0,0.0,5.88,25.0,1567289332280
0.0,0.0,5.88,25.0,1567289332533
0.0,0.0,5.88,25.0,1567289332534
0.0,0.0,5.88,25.0,1567289332584
0.0,0.0,5.88,25.0,1567289332685
0.0,0.0,5.88,25.0,1567289332787
0.0,0.0,5.88,25.0,1567289332889
0.0,0.0,5.91,25.0,1567289332992
0.0,0.0,5.91,25.0,1567289333091
0.0,0.0,5.91,25.0,1567289333192
0.0,0.0,5.91,25.0,1567289333294
0.0,0.0,5.91,25.0,1567289333395
0.0,0.0,5.91,25.0,1567289333497
0.0,0.0,5.91,25.0,1567289333598
0.0,0.0,5.91,25.0,1567289333699
0.0,0.0,5.91,25.0,1567289333800
0.0,0.0,5.91,25.0,1567289333902
35.162654876708984,139.6156768798828,5.91,25.0,1567289333902
0.0,0.0,5.91,25.0,1567289334005
0.0,0.0,5.91,25.0,1567289334104
0.0,0.0,5.91,25.0,1567289334206
0.0,0.0,5.91,25.0,1567289334307
0.0,0.0,5.91,25.0,1567289334419
0.0,0.0,5.91,25.0,1567289334510
0.0,0.0,5.91,25.0,1567289334612
0.0,0.0,5.91,25.0,1567289334712
0.0,0.0,5.91,25.0,1567289334814
0.0,0.0,5.91,25.0,1567289334916
0.0,0.0,5.91,25.0,1567289335432
0.0,0.0,5.91,25.0,1567289335433
0.0,0.0,5.91,25.0,1567289335433
0.0,0.0,5.91,25.0,1567289335433
0.0,0.0,5.91,25.0,1567289335434
0.0,0.0,5.91,25.0,1567289335523
0.0,0.0,5.91,25.0,1567289335625
0.0,0.0,5.88,25.0,1567289335726
0.0,0.0,5.88,25.0,1567289335827
0.0,0.0,5.88,25.0,1567289335929
0.0,0.0,5.88,25.0,1567289336032
0.0,0.0,5.88,25.0,1567289336131
0.0,0.0,5.88,25.0,1567289336233
0.0,0.0,5.88,25.0,1567289336334
0.0,0.0,5.88,25.0,1567289336435
0.0,0.0,5.88,25.0,1567289336537
0.0,0.0,5.88,25.0,1567289336639
0.0,0.0,5.88,25.0,1567289336740
0.0,0.0,5.88,25.0,1567289336842
0.0,0.0,5.88,25.0,1567289337001
0.0,0.0,5.88,25.0,1567289337046
0.0,0.0,5.88,25.0,1567289337145
0.0,0.0,5.91,25.0,1567289337246
0.0,0.0,5.91,25.0,1567289337348
35.16267013549805,139.61569213867188,5.91,25.0,1567289337348
0.0,0.0,5.91,25.0,1567289337449
0.0,0.0,5.91,25.0,1567289337550
0.0,0.0,5.91,25.0,1567289337652
0.0,0.0,5.91,25.0,1567289337753
0.0,0.0,5.91,25.0,1567289337854
0.0,0.0,5.91,25.0,1567289337956
0.0,0.0,5.91,25.0,1567289338060
0.0,0.0,5.91,25.0,1567289338160
0.0,0.0,5.94,25.0,1567289338260
0.0,0.0,5.94,25.0,1567289338361
0.0,0.0,5.94,25.0,1567289338463
0.0,0.0,5.94,25.0,1567289338565
0.0,0.0,5.94,25.0,1567289338665
0.0,0.0,5.96,25.0,1567289338766
0.0,0.0,5.96,25.0,1567289338868
0.0,0.0,5.96,25.0,1567289338969
0.0,0.0,5.96,25.0,1567289339073
0.0,0.0,5.99,25.0,1567289339172
0.0,0.0,5.99,25.0,1567289339274
0.0,0.0,5.99,25.0,1567289339375
0.0,0.0,6.02,25.0,1567289339476
0.0,0.0,6.02,25.0,1567289339578
0.0,0.0,6.02,25.0,1567289339679
0.0,0.0,6.02,25.0,1567289339780
0.0,0.0,6.02,25.0,1567289339882
0.0,0.0,6.05,25.0,1567289340433
0.0,0.0,6.05,25.0,1567289340434
0.0,0.0,6.05,25.0,1567289340434
0.0,0.0,6.05,25.0,1567289340435
0.0,0.0,6.05,25.0,1567289340438
0.0,0.0,6.05,25.0,1567289340490
0.0,0.0,6.05,25.0,1567289340591
0.0,0.0,6.07,25.0,1567289340692
0.0,0.0,6.07,25.0,1567289340895
0.0,0.0,6.07,25.0,1567289340996
0.0,0.0,6.07,25.0,1567289341100
0.0,0.0,6.07,25.0,1567289341199
0.0,0.0,6.07,25.0,1567289341301
0.0,0.0,6.07,25.0,1567289341402
0.0,0.0,6.07,25.0,1567289341504
0.0,0.0,6.07,25.0,1567289341606
0.0,0.0,6.07,25.0,1567289341706
0.0,0.0,6.07,25.0,1567289341807
0.0,0.0,6.1,25.0,1567289341909
0.0,0.0,6.1,25.0,1567289342010
35.162681579589844,139.61572265625,6.1,25.0,1567289342010
0.0,0.0,6.1,25.0,1567289342113
0.0,0.0,6.1,25.0,1567289342213
0.0,0.0,6.1,25.0,1567289342314
0.0,0.0,6.1,25.0,1567289342416
0.0,0.0,6.1,25.0,1567289342517
0.0,0.0,6.1,25.0,1567289342618
0.0,0.0,6.1,25.0,1567289342720
0.0,0.0,6.1,25.0,1567289342821
0.0,0.0,6.07,25.0,1567289342923
0.0,0.0,6.07,25.0,1567289343024
0.0,0.0,6.07,25.0,1567289343127
0.0,0.0,6.07,25.0,1567289343226
0.0,0.0,6.07,25.0,1567289343328
0.0,0.0,6.07,25.0,1567289343429
0.0,0.0,6.07,25.0,1567289343530
0.0,0.0,6.07,25.0,1567289343632
0.0,0.0,6.07,25.0,1567289343733
0.0,0.0,6.07,25.0,1567289343834
0.0,0.0,6.1,25.0,1567289343936
0.0,0.0,6.1,25.0,1567289344038
0.0,0.0,6.1,25.0,1567289344141
0.0,0.0,6.1,25.0,1567289344240
0.0,0.0,6.1,25.0,1567289344341
35.162696838378906,139.61573791503906,6.1,25.0,1567289344342
0.0,0.0,6.1,25.0,1567289344443
0.0,0.0,6.1,25.0,1567289344544
0.0,0.0,6.1,25.0,1567289344647
0.0,0.0,6.1,25.0,1567289344747
0.0,0.0,6.13,25.0,1567289344848
0.0,0.0,6.13,25.0,1567289345432
0.0,0.0,6.13,25.0,1567289345433
0.0,0.0,6.13,25.0,1567289345433
0.0,0.0,6.13,25.0,1567289345433
0.0,0.0,6.13,25.0,1567289345434
0.0,0.0,6.13,25.0,1567289345459
0.0,0.0,6.13,25.0,1567289345558
0.0,0.0,6.13,25.0,1567289345660
0.0,0.0,6.16,25.0,1567289345760
0.0,0.0,6.16,25.0,1567289345861
0.0,0.0,6.16,25.0,1567289345962
0.0,0.0,6.18,25.0,1567289346063
0.0,0.0,6.18,25.0,1567289346167
0.0,0.0,6.18,25.0,1567289346266
0.0,0.0,6.18,25.0,1567289346367
0.0,0.0,6.21,25.0,1567289346469
0.0,0.0,6.21,25.0,1567289346571
0.0,0.0,6.21,25.0,1567289346672
35.1627082824707,139.61575317382812,6.21,25.0,1567289346672
0.0,0.0,6.21,25.0,1567289346773
0.0,0.0,6.24,25.0,1567289346874
0.0,0.0,6.24,25.0,1567289346976
0.0,0.0,6.24,25.0,1567289347077
0.0,0.0,6.24,25.0,1567289347181
0.0,0.0,6.27,25.0,1567289347280
0.0,0.0,6.27,25.0,1567289347382
0.0,0.0,6.27,25.0,1567289347483
0.0,0.0,6.27,25.0,1567289347584
0.0,0.0,6.27,25.0,1567289347685
0.0,0.0,6.27,25.0,1567289347787
0.0,0.0,6.27,25.0,1567289347889
0.0,0.0,6.27,25.0,1567289347989
0.0,0.0,6.27,25.0,1567289348091
0.0,0.0,6.27,25.0,1567289348195
0.0,0.0,6.29,25.0,1567289348294
0.0,0.0,6.29,25.0,1567289348395
0.0,0.0,6.29,25.0,1567289348498
0.0,0.0,6.29,25.0,1567289348598
0.0,0.0,6.29,25.0,1567289348699
0.0,0.0,6.29,25.0,1567289348800
0.0,0.0,6.29,25.0,1567289348902
0.0,0.0,6.29,25.0,1567289349003
35.16273880004883,139.6157684326172,6.29,25.0,1567289349004
0.0,0.0,6.29,25.0,1567289349104
0.0,0.0,6.29,25.0,1567289349208
0.0,0.0,6.29,25.0,1567289349307
0.0,0.0,6.29,25.0,1567289349577
0.0,0.0,6.29,25.0,1567289349577
0.0,0.0,6.29,25.0,1567289349614
0.0,0.0,6.29,25.0,1567289349868
0.0,0.0,6.29,25.0,1567289349869
0.0,0.0,6.29,25.0,1567289349915
0.0,0.0,6.29,25.0,1567289350431
0.0,0.0,6.29,25.0,1567289350441
0.0,0.0,6.29,25.0,1567289350441
0.0,0.0,6.29,25.0,1567289350442
0.0,0.0,6.29,25.0,1567289350443
0.0,0.0,6.29,25.0,1567289350523
0.0,0.0,6.29,25.0,1567289350699
0.0,0.0,6.29,25.0,1567289350726
0.0,0.0,6.29,25.0,1567289351003
0.0,0.0,6.29,25.0,1567289351004
0.0,0.0,6.29,25.0,1567289351031
0.0,0.0,6.29,25.0,1567289351310
0.0,0.0,6.29,25.0,1567289351311
0.0,0.0,6.29,25.0,1567289351334
35.16275405883789,139.6157684326172,6.29,25.0,1567289351335
0.0,0.0,6.29,25.0,1567289351617
0.0,0.0,6.29,25.0,1567289351618
0.0,0.0,6.29,25.0,1567289351639
0.0,0.0,6.29,25.0,1567289351924
0.0,0.0,6.29,25.0,1567289351925
0.0,0.0,6.29,25.0,1567289351945
0.0,0.0,6.29,25.0,1567289352231
0.0,0.0,6.29,25.0,1567289352237
0.0,0.0,6.29,25.0,1567289352249
0.0,0.0,6.29,25.0,1567289352348
0.0,0.0,6.29,25.0,1567289352534
0.0,0.0,6.29,25.0,1567289352551
0.0,0.0,6.29,25.0,1567289352652
0.0,0.0,6.29,25.0,1567289352753
0.0,0.0,6.29,25.0,1567289352855
0.0,0.0,6.29,25.0,1567289352956
0.0,0.0,6.29,25.0,1567289353057
0.0,0.0,6.29,25.0,1567289353159
0.0,0.0,6.32,25.0,1567289353262
0.0,0.0,6.32,25.0,1567289353361
0.0,0.0,6.32,25.0,1567289353463
0.0,0.0,6.32,25.0,1567289353564
35.162776947021484,139.6157684326172,6.32,25.0,1567289353564
0.0,0.0,6.32,25.0,1567289353665
0.0,0.0,6.32,25.0,1567289353767
0.0,0.0,6.35,25.0,1567289353869
0.0,0.0,6.35,25.0,1567289353971
0.0,0.0,6.35,25.0,1567289354072
0.0,0.0,6.35,25.0,1567289354224
0.0,0.0,6.35,25.0,1567289354277
0.0,0.0,6.35,25.0,1567289354376
0.0,0.0,6.35,25.0,1567289354477
0.0,0.0,6.35,25.0,1567289354579
0.0,0.0,6.35,25.0,1567289354680
0.0,0.0,6.35,25.0,1567289354781
0.0,0.0,6.37,25.0,1567289355536
0.0,0.0,6.37,25.0,1567289355537
0.0,0.0,6.37,25.0,1567289355537
0.0,0.0,6.37,25.0,1567289355537
0.0,0.0,6.37,25.0,1567289355537
0.0,0.0,6.37,25.0,1567289355538
0.0,0.0,6.4,25.0,1567289355592
0.0,0.0,6.4,25.0,1567289355694
0.0,0.0,6.4,25.0,1567289355795
0.0,0.0,6.4,25.0,1567289355896
0.0,0.0,6.4,25.0,1567289355998
0.0,0.0,6.4,25.0,1567289356100
0.0,0.0,6.4,25.0,1567289356200
0.0,0.0,6.4,25.0,1567289356304
0.0,0.0,6.4,25.0,1567289356403
0.0,0.0,6.4,25.0,1567289356505
0.0,0.0,6.4,25.0,1567289356606
0.0,0.0,6.4,25.0,1567289356707
0.0,0.0,6.37,25.0,1567289356809
0.0,0.0,6.37,25.0,1567289356910
0.0,0.0,6.37,25.0,1567289357011
35.16281509399414,139.6157684326172,6.37,25.0,1567289357012
0.0,0.0,6.37,25.0,1567289357113
0.0,0.0,6.37,25.0,1567289357220
0.0,0.0,6.37,25.0,1567289357318
0.0,0.0,6.4,25.0,1567289357417
0.0,0.0,6.4,25.0,1567289357518
0.0,0.0,6.4,25.0,1567289357621
0.0,0.0,6.4,25.0,1567289357721
0.0,0.0,6.4,25.0,1567289357822
0.0,0.0,6.4,25.0,1567289357924
0.0,0.0,6.4,25.0,1567289358025
0.0,0.0,6.43,25.0,1567289358127
0.0,0.0,6.43,25.0,1567289358229
0.0,0.0,6.43,25.0,1567289358332
0.0,0.0,6.43,25.0,1567289358433
0.0,0.0,6.43,25.0,1567289358533
0.0,0.0,6.43,25.0,1567289358634
0.0,0.0,6.43,25.0,1567289358738
0.0,0.0,6.46,25.0,1567289358836
0.0,0.0,6.46,25.0,1567289358938
0.0,0.0,6.46,25.0,1567289359039
0.0,0.0,6.46,25.0,1567289359140
0.0,0.0,6.48,25.0,1567289359242
0.0,0.0,6.48,25.0,1567289359346
0.0,0.0,6.48,25.0,1567289359445
0.0,0.0,6.48,25.0,1567289359546
0.0,0.0,6.51,25.0,1567289359647
0.0,0.0,6.51,25.0,1567289359749
0.0,0.0,6.54,25.0,1567289359850
0.0,0.0,6.54,25.0,1567289360018
0.0,0.0,6.54,25.0,1567289360053
0.0,0.0,6.57,25.0,1567289360154
0.0,0.0,6.57,25.0,1567289360256
0.0,0.0,6.57,25.0,1567289360359
0.0,0.0,6.59,25.0,1567289360458
0.0,0.0,6.59,25.0,1567289361068
0.0,0.0,6.59,25.0,1567289361069
35.162864685058594,139.6157684326172,6.59,25.0,1567289361069
0.0,0.0,6.62,25.0,1567289361073
0.0,0.0,6.62,25.0,1567289361074
0.0,0.0,6.62,25.0,1567289361074
0.0,0.0,6.65,25.0,1567289361074
0.0,0.0,6.65,25.0,1567289361168
0.0,0.0,6.65,25.0,1567289361269
0.0,0.0,6.65,25.0,1567289361373
0.0,0.0,6.65,25.0,1567289361472
0.0,0.0,6.65,25.0,1567289361574
0.0,0.0,6.65,25.0,1567289361676
0.0,0.0,6.65,25.0,1567289361776
0.0,0.0,6.65,25.0,1567289361878
0.0,0.0,6.65,25.0,1567289361979
0.0,0.0,6.65,25.0,1567289362080
0.0,0.0,6.65,25.0,1567289362181
0.0,0.0,6.65,25.0,1567289362283
0.0,0.0,6.65,25.0,1567289362387
0.0,0.0,6.65,25.0,1567289362485
0.0,0.0,6.65,25.0,1567289362587
0.0,0.0,6.65,25.0,1567289362688
0.0,0.0,6.65,25.0,1567289362790
0.0,0.0,6.65,25.0,1567289362892
0.0,0.0,6.65,25.0,1567289362992
0.0,0.0,6.65,25.0,1567289363094
0.0,0.0,6.65,25.0,1567289363195
0.0,0.0,6.65,25.0,1567289363296
0.0,0.0,6.65,25.0,1567289363400
0.0,0.0,6.65,25.0,1567289363499
0.0,0.0,6.65,25.0,1567289363601
0.0,0.0,6.68,25.0,1567289363702
0.0,0.0,6.65,25.0,1567289363804
0.0,0.0,6.65,25.0,1567289363905
0.0,0.0,6.65,25.0,1567289364007
0.0,0.0,6.65,25.0,1567289364108
0.0,0.0,6.65,25.0,1567289364209
0.0,0.0,6.68,25.0,1567289364310
0.0,0.0,6.68,25.0,1567289364414
0.0,0.0,6.68,25.0,1567289364513
0.0,0.0,6.68,25.0,1567289364614
0.0,0.0,6.65,25.0,1567289364716
0.0,0.0,6.65,25.0,1567289364818
0.0,0.0,6.65,25.0,1567289364918
0.0,0.0,6.65,25.0,1567289365022
0.0,0.0,6.65,25.0,1567289365223
0.0,0.0,6.65,25.0,1567289365324
0.0,0.0,6.65,25.0,1567289365428
0.0,0.0,6.65,25.0,1567289365527
35.162906646728516,139.6157684326172,6.65,25.0,1567289365982
0.0,0.0,6.65,25.0,1567289366083
0.0,0.0,6.65,25.0,1567289366083
0.0,0.0,6.65,25.0,1567289366084
0.0,0.0,6.68,25.0,1567289366084
0.0,0.0,6.68,25.0,1567289366084
0.0,0.0,6.68,25.0,1567289366135
0.0,0.0,6.68,25.0,1567289366236
0.0,0.0,6.68,25.0,1567289366338
0.0,0.0,6.68,25.0,1567289366441
0.0,0.0,6.68,25.0,1567289366540
0.0,0.0,6.68,25.0,1567289366642
0.0,0.0,6.68,25.0,1567289366743
0.0,0.0,6.68,25.0,1567289366845
0.0,0.0,6.68,25.0,1567289366946
0.0,0.0,6.68,25.0,1567289367047
0.0,0.0,6.7,25.0,1567289367149
0.0,0.0,6.68,25.0,1567289367250
0.0,0.0,6.7,25.0,1567289367351
0.0,0.0,6.7,25.0,1567289367455
0.0,0.0,6.7,25.0,1567289367554
0.0,0.0,6.7,25.0,1567289367656
0.0,0.0,6.7,25.0,1567289367757
0.0,0.0,6.7,25.0,1567289367859
0.0,0.0,6.7,25.0,1567289367961
0.0,0.0,6.7,25.0,1567289368061
0.0,0.0,6.73,25.0,1567289368162
0.0,0.0,6.73,25.0,1567289368264
0.0,0.0,6.73,25.0,1567289368365
35.16292953491211,139.61578369140625,6.73,25.0,1567289368366
0.0,0.0,6.76,25.0,1567289368469
0.0,0.0,6.76,25.0,1567289368568
0.0,0.0,6.76,25.0,1567289368669
0.0,0.0,6.76,25.0,1567289368771
0.0,0.0,6.76,25.0,1567289368872
0.0,0.0,6.76,25.0,1567289368977
0.0,0.0,6.76,25.0,1567289369075
0.0,0.0,6.79,25.0,1567289369176
0.0,0.0,6.79,25.0,1567289369277
0.0,0.0,6.79,25.0,1567289369379
0.0,0.0,6.79,25.0,1567289369605
0.0,0.0,6.79,25.0,1567289369605
0.0,0.0,6.79,25.0,1567289369683
0.0,0.0,6.79,25.0,1567289369886
0.0,0.0,6.79,25.0,1567289369887
0.0,0.0,6.79,25.0,1567289369987
0.0,0.0,6.79,25.0,1567289370182
0.0,0.0,6.79,25.0,1567289370190
0.0,0.0,6.79,25.0,1567289370291
0.0,0.0,6.79,25.0,1567289370481
0.0,0.0,6.81,25.0,1567289370496
0.0,0.0,6.81,25.0,1567289371050
0.0,0.0,6.81,25.0,1567289371055
35.1629753112793,139.61578369140625,6.81,25.0,1567289371055
0.0,0.0,6.81,25.0,1567289371057
0.0,0.0,6.81,25.0,1567289371058
0.0,0.0,6.84,25.0,1567289371058
0.0,0.0,6.84,25.0,1567289371102
0.0,0.0,6.84,25.0,1567289371343
0.0,0.0,6.84,25.0,1567289371344
0.0,0.0,6.84,25.0,1567289371406
0.0,0.0,6.84,25.0,1567289371648
0.0,0.0,6.84,25.0,1567289371648
0.0,0.0,6.84,25.0,1567289371711
0.0,0.0,6.84,25.0,1567289371958
0.0,0.0,6.84,25.0,1567289371958
0.0,0.0,6.87,25.0,1567289372016
0.0,0.0,6.87,25.0,1567289372263
0.0,0.0,6.87,25.0,1567289372289
0.0,0.0,6.87,25.0,1567289372319
0.0,0.0,6.87,25.0,1567289372567
0.0,0.0,6.87,25.0,1567289372568
0.0,0.0,6.87,25.0,1567289372623
0.0,0.0,6.87,25.0,1567289372724
0.0,0.0,6.87,25.0,1567289372826
0.0,0.0,6.89,25.0,1567289372927
0.0,0.0,6.89,25.0,1567289373028
0.0,0.0,6.89,25.0,1567289373130
0.0,0.0,6.89,25.0,1567289373231
0.0,0.0,6.89,25.0,1567289373332
0.0,0.0,6.89,25.0,1567289373434
0.0,0.0,6.92,25.0,1567289373537
0.0,0.0,6.92,25.0,1567289373636
0.0,0.0,6.92,25.0,1567289373738
0.0,0.0,6.92,25.0,1567289373840
0.0,0.0,6.92,25.0,1567289373941
0.0,0.0,6.92,25.0,1567289374042
0.0,0.0,6.92,25.0,1567289374144
0.0,0.0,6.95,25.0,1567289374245
0.0,0.0,6.95,25.0,1567289374346
0.0,0.0,6.95,25.0,1567289374448
0.0,0.0,6.95,25.0,1567289374551
0.0,0.0,6.95,25.0,1567289374651
0.0,0.0,6.95,25.0,1567289374752
0.0,0.0,6.95,25.0,1567289374853
0.0,0.0,6.95,25.0,1567289374955
0.0,0.0,6.98,25.0,1567289375056
0.0,0.0,6.98,25.0,1567289375158
0.0,0.0,6.98,25.0,1567289375259
0.0,0.0,7.0,25.0,1567289375365
0.0,0.0,7.0,25.0,1567289375461
0.0,0.0,7.03,25.0,1567289376118
0.0,0.0,7.03,25.0,1567289376120
0.0,0.0,7.03,25.0,1567289376121
35.16302490234375,139.6157989501953,7.03,25.0,1567289376121
0.0,0.0,7.03,25.0,1567289376124
0.0,0.0,7.06,25.0,1567289376125
0.0,0.0,7.06,25.0,1567289376125
0.0,0.0,7.06,25.0,1567289376173
0.0,0.0,7.09,25.0,1567289376271
0.0,0.0,7.09,25.0,1567289376376
0.0,0.0,7.09,25.0,1567289376474
0.0,0.0,7.09,25.0,1567289376578
0.0,0.0,7.09,25.0,1567289376677
0.0,0.0,7.11,25.0,1567289376778
0.0,0.0,7.11,25.0,1567289376880
0.0,0.0,7.11,25.0,1567289376981
0.0,0.0,7.11,25.0,1567289377083
0.0,0.0,7.11,25.0,1567289377184
0.0,0.0,7.11,25.0,1567289377286
0.0,0.0,7.11,25.0,1567289377387
0.0,0.0,7.14,25.0,1567289377488
0.0,0.0,7.14,25.0,1567289377592
0.0,0.0,7.14,25.0,1567289377691
0.0,0.0,7.14,25.0,1567289377792
0.0,0.0,7.17,25.0,1567289377894
0.0,0.0,7.17,25.0,1567289377995
0.0,0.0,7.17,25.0,1567289378097
0.0,0.0,7.17,25.0,1567289378198
0.0,0.0,7.17,25.0,1567289378299
0.0,0.0,7.17,25.0,1567289378402
0.0,0.0,7.17,25.0,1567289378503
0.0,0.0,7.17,25.0,1567289378606
0.0,0.0,7.17,25.0,1567289378705
0.0,0.0,7.17,25.0,1567289378806
0.0,0.0,7.17,25.0,1567289378908
0.0,0.0,7.17,25.0,1567289379009
0.0,0.0,7.17,25.0,1567289379110
0.0,0.0,7.2,25.0,1567289379217
0.0,0.0,7.2,25.0,1567289379313
0.0,0.0,7.2,25.0,1567289379414
0.0,0.0,7.2,25.0,1567289379516
35.1630744934082,139.61581420898438,7.2,25.0,1567289379516
0.0,0.0,7.2,25.0,1567289379619
0.0,0.0,7.2,25.0,1567289379719
0.0,0.0,7.2,25.0,1567289379820
0.0,0.0,7.22,25.0,1567289379922
0.0,0.0,7.22,25.0,1567289380023
0.0,0.0,7.22,25.0,1567289380124
0.0,0.0,7.22,25.0,1567289380226
0.0,0.0,7.22,25.0,1567289380327
0.0,0.0,7.22,25.0,1567289380428
0.0,0.0,7.25,25.0,1567289380530
0.0,0.0,7.25,25.0,1567289381136
0.0,0.0,7.25,25.0,1567289381136
0.0,0.0,7.25,25.0,1567289381137
0.0,0.0,7.25,25.0,1567289381137
0.0,0.0,7.25,25.0,1567289381137
0.0,0.0,7.25,25.0,1567289381141
0.0,0.0,7.25,25.0,1567289381239
0.0,0.0,7.25,25.0,1567289381341
0.0,0.0,7.25,25.0,1567289381442
0.0,0.0,7.25,25.0,1567289381544
0.0,0.0,7.25,25.0,1567289381647
0.0,0.0,7.28,25.0,1567289381746
0.0,0.0,7.28,25.0,1567289381849
35.1630973815918,139.61581420898438,7.28,25.0,1567289381850
0.0,0.0,7.28,25.0,1567289381950
0.0,0.0,7.28,25.0,1567289382050
0.0,0.0,7.28,25.0,1567289382152
0.0,0.0,7.31,25.0,1567289382253
0.0,0.0,7.28,25.0,1567289382355
0.0,0.0,7.28,25.0,1567289382456
0.0,0.0,7.28,25.0,1567289382557
0.0,0.0,7.31,25.0,1567289382661
0.0,0.0,7.28,25.0,1567289382760
0.0,0.0,7.28,25.0,1567289382862
0.0,0.0,7.31,25.0,1567289382963
0.0,0.0,7.31,25.0,1567289383064
0.0,0.0,7.31,25.0,1567289383166
0.0,0.0,7.31,25.0,1567289383267
0.0,0.0,7.31,25.0,1567289383368
0.0,0.0,7.31,25.0,1567289383471
0.0,0.0,7.31,25.0,1567289383571
0.0,0.0,7.31,25.0,1567289383675
0.0,0.0,7.31,25.0,1567289383774
0.0,0.0,7.31,25.0,1567289383876
0.0,0.0,7.31,25.0,1567289383977
0.0,0.0,7.31,25.0,1567289384078
0.0,0.0,7.31,25.0,1567289384180
0.0,0.0,7.31,25.0,1567289384281
0.0,0.0,7.31,25.0,1567289384383
0.0,0.0,7.31,25.0,1567289384485
0.0,0.0,7.31,25.0,1567289384585
0.0,0.0,7.31,25.0,1567289384689
0.0,0.0,7.31,25.0,1567289384788
0.0,0.0,7.33,25.0,1567289384890
0.0,0.0,7.33,25.0,1567289384991
0.0,0.0,7.33,25.0,1567289385092
0.0,0.0,7.33,25.0,1567289385193
0.0,0.0,7.33,25.0,1567289385295
35.16313171386719,139.6157989501953,7.33,25.0,1567289385295
0.0,0.0,7.33,25.0,1567289385396
0.0,0.0,7.33,25.0,1567289385500
0.0,0.0,7.33,25.0,1567289385618
0.0,0.0,7.33,25.0,1567289385702
0.0,0.0,7.33,25.0,1567289385802
0.0,0.0,7.33,25.0,1567289385904
0.0,0.0,7.33,25.0,1567289386512
0.0,0.0,7.33,25.0,1567289386516
0.0,0.0,7.33,25.0,1567289386516
0.0,0.0,7.33,25.0,1567289386516
0.0,0.0,7.33,25.0,1567289386517
0.0,0.0,7.33,25.0,1567289386517
0.0,0.0,7.33,25.0,1567289386613
0.0,0.0,7.36,25.0,1567289386716
0.0,0.0,7.36,25.0,1567289386816
0.0,0.0,7.36,25.0,1567289386917
0.0,0.0,7.36,25.0,1567289387019
0.0,0.0,7.36,25.0,1567289387120
0.0,0.0,7.36,25.0,1567289387222
0.0,0.0,7.39,25.0,1567289387325
0.0,0.0,7.39,25.0,1567289387424
0.0,0.0,7.39,25.0,1567289387536
0.0,0.0,7.39,25.0,1567289387627
35.163143157958984,139.6157989501953,7.39,25.0,1567289387631
0.0,0.0,7.39,25.0,1567289387730
0.0,0.0,7.39,25.0,1567289387829
0.0,0.0,7.39,25.0,1567289387931
0.0,0.0,7.39,25.0,1567289388032
0.0,0.0,7.39,25.0,1567289388134
0.0,0.0,7.39,25.0,1567289388235
0.0,0.0,7.39,25.0,1567289388337
0.0,0.0,7.39,25.0,1567289388438
0.0,0.0,7.39,25.0,1567289388539
0.0,0.0,7.39,25.0,1567289388641
0.0,0.0,7.39,25.0,1567289388744
0.0,0.0,7.39,25.0,1567289388847
0.0,0.0,7.39,25.0,1567289388945
0.0,0.0,7.39,25.0,1567289389046
0.0,0.0,7.39,25.0,1567289389147
0.0,0.0,7.39,25.0,1567289389249
0.0,0.0,7.41,25.0,1567289389350
0.0,0.0,7.41,25.0,1567289389616
0.0,0.0,7.41,25.0,1567289389617
0.0,0.0,7.41,25.0,1567289389654
0.0,0.0,7.41,25.0,1567289389900
0.0,0.0,7.41,25.0,1567289389900
0.0,0.0,7.41,25.0,1567289389960
35.16315460205078,139.6157989501953,7.41,25.0,1567289389961
0.0,0.0,7.41,25.0,1567289390184
0.0,0.0,7.41,25.0,1567289390185
0.0,0.0,7.41,25.0,1567289390263
0.0,0.0,7.41,25.0,1567289390475
0.0,0.0,7.41,25.0,1567289390476
0.0,0.0,7.41,25.0,1567289390567
0.0,0.0,7.41,25.0,1567289390765
0.0,0.0,7.41,25.0,1567289390772
0.0,0.0,7.41,25.0,1567289390871
0.0,0.0,7.41,25.0,1567289391481
0.0,0.0,7.41,25.0,1567289391484
0.0,0.0,7.44,25.0,1567289391485
0.0,0.0,7.44,25.0,1567289391485
0.0,0.0,7.44,25.0,1567289391485
0.0,0.0,7.44,25.0,1567289391485
0.0,0.0,7.44,25.0,1567289391669
0.0,0.0,7.44,25.0,1567289391684
0.0,0.0,7.44,25.0,1567289391785
0.0,0.0,7.44,25.0,1567289391980
0.0,0.0,7.44,25.0,1567289391986
0.0,0.0,7.44,25.0,1567289392089
0.0,0.0,7.44,25.0,1567289392282
0.0,0.0,7.44,25.0,1567289392290
0.0,0.0,7.44,25.0,1567289392392
0.0,0.0,7.44,25.0,1567289392585
0.0,0.0,7.44,25.0,1567289392594
0.0,0.0,7.44,25.0,1567289392696
0.0,0.0,7.44,25.0,1567289392800
0.0,0.0,7.44,25.0,1567289392898
0.0,0.0,7.44,25.0,1567289393000
0.0,0.0,7.44,25.0,1567289393101
0.0,0.0,7.44,25.0,1567289393203
0.0,0.0,7.44,25.0,1567289393304
35.163169860839844,139.61578369140625,7.44,25.0,1567289393305
0.0,0.0,7.44,25.0,1567289393406
0.0,0.0,7.47,25.0,1567289393507
0.0,0.0,7.47,25.0,1567289393609
0.0,0.0,7.47,25.0,1567289393710
0.0,0.0,7.47,25.0,1567289393815
0.0,0.0,7.47,25.0,1567289393912
0.0,0.0,7.47,25.0,1567289394014
0.0,0.0,7.47,25.0,1567289394115
0.0,0.0,7.47,25.0,1567289394216
0.0,0.0,7.47,25.0,1567289394318
0.0,0.0,7.47,25.0,1567289394420
0.0,0.0,7.47,25.0,1567289394521
0.0,0.0,7.47,25.0,1567289394622
0.0,0.0,7.47,25.0,1567289394724
0.0,0.0,7.47,25.0,1567289394827
0.0,0.0,7.47,25.0,1567289394926
0.0,0.0,7.47,25.0,1567289395028
0.0,0.0,7.47,25.0,1567289395129
0.0,0.0,7.47,25.0,1567289395230
0.0,0.0,7.47,25.0,1567289395332
0.0,0.0,7.47,25.0,1567289395434
0.0,0.0,7.47,25.0,1567289395534
0.0,0.0,7.47,25.0,1567289395636
35.163177490234375,139.61578369140625,7.47,25.0,1567289395637
0.0,0.0,7.47,25.0,1567289395737
0.0,0.0,7.47,25.0,1567289395940
0.0,0.0,7.47,25.0,1567289396496
0.0,0.0,7.47,25.0,1567289396496
0.0,0.0,7.47,25.0,1567289396497
0.0,0.0,7.44,25.0,1567289396497
0.0,0.0,7.44,25.0,1567289396497
0.0,0.0,7.44,25.0,1567289396549
0.0,0.0,7.44,25.0,1567289396650
0.0,0.0,7.44,25.0,1567289396751
0.0,0.0,7.44,25.0,1567289396856
0.0,0.0,7.44,25.0,1567289396954
0.0,0.0,7.44,25.0,1567289397055
0.0,0.0,7.44,25.0,1567289397157
0.0,0.0,7.44,25.0,1567289397258
0.0,0.0,7.44,25.0,1567289397359
0.0,0.0,7.44,25.0,1567289397461
0.0,0.0,7.44,25.0,1567289397562
0.0,0.0,7.44,25.0,1567289397706
0.0,0.0,7.44,25.0,1567289397765
0.0,0.0,7.44,25.0,1567289397868
0.0,0.0,7.44,25.0,1567289397968
0.0,0.0,7.44,25.0,1567289398069
35.163185119628906,139.61578369140625,7.44,25.0,1567289398071
0.0,0.0,7.44,25.0,1567289398171
0.0,0.0,7.44,25.0,1567289398272
0.0,0.0,7.44,25.0,1567289398373
0.0,0.0,7.44,25.0,1567289398474
0.0,0.0,7.44,25.0,1567289398576
0.0,0.0,7.44,25.0,1567289398677
0.0,0.0,7.44,25.0,1567289398779
0.0,0.0,7.44,25.0,1567289398882
0.0,0.0,7.44,25.0,1567289398983
0.0,0.0,7.44,25.0,1567289399083
0.0,0.0,7.44,25.0,1567289399184
0.0,0.0,7.44,25.0,1567289399286
0.0,0.0,7.44,25.0,1567289399388
0.0,0.0,7.44,25.0,1567289399490
0.0,0.0,7.44,25.0,1567289399590
0.0,0.0,7.47,25.0,1567289399793
0.0,0.0,7.47,25.0,1567289399896
0.0,0.0,7.47,25.0,1567289399995
0.0,0.0,7.47,25.0,1567289400097
0.0,0.0,7.47,25.0,1567289400198
0.0,0.0,7.47,25.0,1567289400300
0.0,0.0,7.47,25.0,1567289400401
0.0,0.0,7.47,25.0,1567289400503
0.0,0.0,7.5,25.0,1567289400604
0.0,0.0,7.5,25.0,1567289400705
0.0,0.0,7.5,25.0,1567289400807
0.0,0.0,7.5,25.0,1567289400910
0.0,0.0,7.52,25.0,1567289401532
35.1632080078125,139.6157684326172,7.52,25.0,1567289401533
0.0,0.0,7.52,25.0,1567289401618
0.0,0.0,7.55,25.0,1567289401719
0.0,0.0,7.55,25.0,1567289401820
0.0,0.0,7.55,25.0,1567289401924
0.0,0.0,7.55,25.0,1567289402023
0.0,0.0,7.55,25.0,1567289402125
0.0,0.0,7.58,25.0,1567289402226
0.0,0.0,7.58,25.0,1567289402330
0.0,0.0,7.58,25.0,1567289402429
0.0,0.0,7.58,25.0,1567289402530
0.0,0.0,7.58,25.0,1567289402632
0.0,0.0,7.58,25.0,1567289402733
0.0,0.0,7.58,25.0,1567289402834
0.0,0.0,7.58,25.0,1567289402938
0.0,0.0,7.58,25.0,1567289403037
0.0,0.0,7.61,25.0,1567289403139
0.0,0.0,7.61,25.0,1567289403240
0.0,0.0,7.61,25.0,1567289403341
0.0,0.0,7.61,25.0,1567289403443
0.0,0.0,7.61,25.0,1567289403544
0.0,0.0,7.61,25.0,1567289403645
0.0,0.0,7.61,25.0,1567289403747
0.0,0.0,7.61,25.0,1567289403848
35.16322326660156,139.6157684326172,7.61,25.0,1567289403849
0.0,0.0,7.61,25.0,1567289403952
0.0,0.0,7.61,25.0,1567289404051
0.0,0.0,7.61,25.0,1567289404152
0.0,0.0,7.61,25.0,1567289404254
0.0,0.0,7.63,25.0,1567289404355
0.0,0.0,7.63,25.0,1567289404457
0.0,0.0,7.63,25.0,1567289404558
0.0,0.0,7.63,25.0,1567289404660
0.0,0.0,7.63,25.0,1567289404761
0.0,0.0,7.63,25.0,1567289404862
0.0,0.0,7.63,25.0,1567289404965
0.0,0.0,7.63,25.0,1567289405065
0.0,0.0,7.63,25.0,1567289405169
0.0,0.0,7.63,25.0,1567289405268
0.0,0.0,7.63,25.0,1567289405369
0.0,0.0,7.63,25.0,1567289405470
0.0,0.0,7.63,25.0,1567289405572
0.0,0.0,7.63,25.0,1567289405673
0.0,0.0,7.63,25.0,1567289405775
0.0,0.0,7.63,25.0,1567289405876
0.0,0.0,7.63,25.0,1567289406182
0.0,0.0,7.66,25.0,1567289406282
35.16324234008789,139.6157684326172,7.66,25.0,1567289406282
0.0,0.0,7.66,25.0,1567289406383
0.0,0.0,7.66,25.0,1567289406484
0.0,0.0,7.66,25.0,1567289406586
0.0,0.0,7.66,25.0,1567289406687
0.0,0.0,7.66,25.0,1567289406789
0.0,0.0,7.66,25.0,1567289406891
0.0,0.0,7.66,25.0,1567289407379
0.0,0.0,7.66,25.0,1567289407380
0.0,0.0,7.69,25.0,1567289407380
0.0,0.0,7.69,25.0,1567289407380
0.0,0.0,7.69,25.0,1567289407400
0.0,0.0,7.69,25.0,1567289407498
0.0,0.0,7.69,25.0,1567289407600
0.0,0.0,7.69,25.0,1567289407701
0.0,0.0,7.69,25.0,1567289407802
0.0,0.0,7.69,25.0,1567289407904
0.0,0.0,7.72,25.0,1567289408007
0.0,0.0,7.72,25.0,1567289408107
0.0,0.0,7.72,25.0,1567289408208
0.0,0.0,7.72,25.0,1567289408309
0.0,0.0,7.72,25.0,1567289408474
0.0,0.0,7.72,25.0,1567289408512
0.0,0.0,7.72,25.0,1567289408817
0.0,0.0,7.72,25.0,1567289408817
0.0,0.0,7.72,25.0,1567289409016
0.0,0.0,7.72,25.0,1567289409026
0.0,0.0,7.72,25.0,1567289409216
0.0,0.0,7.74,25.0,1567289409223
0.0,0.0,7.74,25.0,1567289409416
0.0,0.0,7.74,25.0,1567289409425
0.0,0.0,7.74,25.0,1567289409616
0.0,0.0,7.74,25.0,1567289409628
0.0,0.0,7.74,25.0,1567289409816
0.0,0.0,7.74,25.0,1567289409831
0.0,0.0,7.74,25.0,1567289409937
0.0,0.0,7.74,25.0,1567289410072
35.16328811645508,139.61575317382812,7.74,25.0,1567289410074
0.0,0.0,7.74,25.0,1567289410135
0.0,0.0,7.77,25.0,1567289410272
0.0,0.0,7.77,25.0,1567289410890
0.0,0.0,7.77,25.0,1567289410891
0.0,0.0,7.77,25.0,1567289410894
0.0,0.0,7.77,25.0,1567289410895
0.0,0.0,7.77,25.0,1567289410895
0.0,0.0,7.77,25.0,1567289410946
0.0,0.0,7.77,25.0,1567289411174
0.0,0.0,7.77,25.0,1567289411174
0.0,0.0,7.77,25.0,1567289411250
0.0,0.0,7.77,25.0,1567289411473
0.0,0.0,7.8,25.0,1567289411474
0.0,0.0,7.8,25.0,1567289411554
0.0,0.0,7.8,25.0,1567289411781
0.0,0.0,7.8,25.0,1567289411781
0.0,0.0,7.8,25.0,1567289411858
0.0,0.0,7.83,25.0,1567289412081
0.0,0.0,7.83,25.0,1567289412102
0.0,0.0,7.83,25.0,1567289412162
0.0,0.0,7.83,25.0,1567289412381
0.0,0.0,7.83,25.0,1567289412382
0.0,0.0,7.83,25.0,1567289412466
0.0,0.0,7.83,25.0,1567289412687
0.0,0.0,7.85,25.0,1567289412688
0.0,0.0,7.83,25.0,1567289412771
0.0,0.0,7.83,25.0,1567289412998
0.0,0.0,7.83,25.0,1567289412998
0.0,0.0,7.85,25.0,1567289413077
0.0,0.0,7.85,25.0,1567289413296
0.0,0.0,7.85,25.0,1567289413296
0.0,0.0,7.85,25.0,1567289413379
0.0,0.0,7.85,25.0,1567289413599
0.0,0.0,7.85,25.0,1567289413600
35.163333892822266,139.61573791503906,7.85,25.0,1567289413631
0.0,0.0,7.85,25.0,1567289413683
0.0,0.0,7.85,25.0,1567289413784
0.0,0.0,7.85,25.0,1567289413886
0.0,0.0,7.88,25.0,1567289413988
0.0,0.0,7.88,25.0,1567289414091
0.0,0.0,7.88,25.0,1567289414190
0.0,0.0,7.88,25.0,1567289414292
0.0,0.0,7.88,25.0,1567289414393
0.0,0.0,7.88,25.0,1567289414495
0.0,0.0,7.88,25.0,1567289414596
0.0,0.0,7.91,25.0,1567289414697
0.0,0.0,7.91,25.0,1567289414798
0.0,0.0,7.91,25.0,1567289414900
0.0,0.0,7.91,25.0,1567289415002
0.0,0.0,7.88,25.0,1567289415105
0.0,0.0,7.88,25.0,1567289415204
0.0,0.0,7.88,25.0,1567289415305
0.0,0.0,7.88,25.0,1567289415849
0.0,0.0,7.88,25.0,1567289415851
0.0,0.0,7.88,25.0,1567289415851
0.0,0.0,7.88,25.0,1567289415852
0.0,0.0,7.88,25.0,1567289415852
0.0,0.0,7.88,25.0,1567289415914
35.16335678100586,139.61573791503906,7.88,25.0,1567289415916
0.0,0.0,7.91,25.0,1567289416015
0.0,0.0,7.91,25.0,1567289416119
0.0,0.0,7.91,25.0,1567289416218
0.0,0.0,7.94,25.0,1567289416421
0.0,0.0,7.94,25.0,1567289416522
0.0,0.0,7.94,25.0,1567289416623
0.0,0.0,7.94,25.0,1567289416725
0.0,0.0,7.94,25.0,1567289416826
0.0,0.0,7.94,25.0,1567289416928
0.0,0.0,7.94,25.0,1567289417029
0.0,0.0,7.94,25.0,1567289417133
0.0,0.0,7.94,25.0,1567289417232
0.0,0.0,7.94,25.0,1567289417333
0.0,0.0,7.94,25.0,1567289417435
0.0,0.0,7.91,25.0,1567289417536
0.0,0.0,7.91,25.0,1567289417637
0.0,0.0,7.91,25.0,1567289417739
0.0,0.0,7.91,25.0,1567289417840
0.0,0.0,7.91,25.0,1567289417942
0.0,0.0,7.91,25.0,1567289418043
0.0,0.0,7.91,25.0,1567289418146
0.0,0.0,7.91,25.0,1567289418246
0.0,0.0,7.91,25.0,1567289418347
35.16337966918945,139.61572265625,7.91,25.0,1567289418351
0.0,0.0,7.91,25.0,1567289418450
0.0,0.0,7.91,25.0,1567289418550
0.0,0.0,7.91,25.0,1567289418651
0.0,0.0,7.91,25.0,1567289418753
0.0,0.0,7.91,25.0,1567289418854
0.0,0.0,7.91,25.0,1567289418956
0.0,0.0,7.94,25.0,1567289419057
0.0,0.0,7.94,25.0,1567289419160
0.0,0.0,7.91,25.0,1567289419260
0.0,0.0,7.91,25.0,1567289419361
0.0,0.0,7.91,25.0,1567289419463
0.0,0.0,7.91,25.0,1567289419564
0.0,0.0,7.91,25.0,1567289419666
0.0,0.0,7.91,25.0,1567289419767
0.0,0.0,7.88,25.0,1567289419868
0.0,0.0,7.88,25.0,1567289419970
0.0,0.0,7.88,25.0,1567289420071
0.0,0.0,7.88,25.0,1567289420274
0.0,0.0,7.88,25.0,1567289420973
0.0,0.0,7.88,25.0,1567289420974
35.163414001464844,139.61570739746094,7.88,25.0,1567289420974
0.0,0.0,7.88,25.0,1567289420976
0.0,0.0,7.88,25.0,1567289420977
0.0,0.0,7.91,25.0,1567289420977
0.0,0.0,7.91,25.0,1567289420978
0.0,0.0,7.91,25.0,1567289420983
0.0,0.0,7.91,25.0,1567289421085
0.0,0.0,7.91,25.0,1567289421189
0.0,0.0,7.91,25.0,1567289421288
0.0,0.0,7.94,25.0,1567289421389
0.0,0.0,7.94,25.0,1567289421491
0.0,0.0,7.94,25.0,1567289421592
0.0,0.0,7.94,25.0,1567289421694
0.0,0.0,7.94,25.0,1567289421795
0.0,0.0,7.94,25.0,1567289421896
0.0,0.0,7.94,25.0,1567289421997
0.0,0.0,7.94,25.0,1567289422099
0.0,0.0,7.94,25.0,1567289422203
0.0,0.0,7.94,25.0,1567289422302
0.0,0.0,7.91,25.0,1567289422403
0.0,0.0,7.91,25.0,1567289422504
0.0,0.0,7.91,25.0,1567289422606
0.0,0.0,7.91,25.0,1567289422708
0.0,0.0,7.94,25.0,1567289422809
0.0,0.0,7.94,25.0,1567289422911
0.0,0.0,7.94,25.0,1567289423011
0.0,0.0,7.94,25.0,1567289423113
0.0,0.0,7.94,25.0,1567289423218
35.16343688964844,139.61569213867188,7.94,25.0,1567289423221
0.0,0.0,7.94,25.0,1567289423316
0.0,0.0,7.96,25.0,1567289423417
0.0,0.0,7.96,25.0,1567289423519
0.0,0.0,7.96,25.0,1567289423620
0.0,0.0,7.96,25.0,1567289423722
0.0,0.0,7.96,25.0,1567289423823
0.0,0.0,7.96,25.0,1567289423925
0.0,0.0,7.96,25.0,1567289424026
0.0,0.0,7.96,25.0,1567289424127
0.0,0.0,7.96,25.0,1567289424230
0.0,0.0,7.96,25.0,1567289424330
0.0,0.0,7.96,25.0,1567289424434
0.0,0.0,7.96,25.0,1567289424532
0.0,0.0,7.94,25.0,1567289424634
0.0,0.0,7.94,25.0,1567289424735
0.0,0.0,7.94,25.0,1567289424836
0.0,0.0,7.94,25.0,1567289424938
0.0,0.0,7.96,25.0,1567289425039
0.0,0.0,7.96,25.0,1567289425141
0.0,0.0,7.96,25.0,1567289425244
0.0,0.0,7.96,25.0,1567289425884
0.0,0.0,7.96,25.0,1567289425885
35.1634635925293,139.61569213867188,7.96,25.0,1567289425885
0.0,0.0,7.96,25.0,1567289425889
0.0,0.0,7.96,25.0,1567289425889
0.0,0.0,7.96,25.0,1567289425889
0.0,0.0,7.96,25.0,1567289425889
0.0,0.0,7.96,25.0,1567289425952
0.0,0.0,7.96,25.0,1567289426053
0.0,0.0,7.96,25.0,1567289426155
0.0,0.0,7.96,25.0,1567289426259
0.0,0.0,7.96,25.0,1567289426358
0.0,0.0,7.96,25.0,1567289426459
0.0,0.0,7.96,25.0,1567289426662
0.0,0.0,7.96,25.0,1567289426763
0.0,0.0,7.96,25.0,1567289426865
0.0,0.0,7.96,25.0,1567289426966
0.0,0.0,7.96,25.0,1567289427067
0.0,0.0,7.96,25.0,1567289427169
0.0,0.0,7.96,25.0,1567289427273
0.0,0.0,7.96,25.0,1567289427372
0.0,0.0,7.99,25.0,1567289427473
0.0,0.0,7.99,25.0,1567289427574
0.0,0.0,7.99,25.0,1567289427676
0.0,0.0,7.99,25.0,1567289427777
0.0,0.0,7.99,25.0,1567289427879
0.0,0.0,7.99,25.0,1567289427980
0.0,0.0,7.96,25.0,1567289428081
0.0,0.0,7.96,25.0,1567289428183
0.0,0.0,7.96,25.0,1567289428287
0.0,0.0,7.96,25.0,1567289428386
0.0,0.0,7.96,25.0,1567289428487
0.0,0.0,7.96,25.0,1567289428588
0.0,0.0,7.96,25.0,1567289428690
0.0,0.0,7.96,25.0,1567289428791
0.0,0.0,7.96,25.0,1567289428994
0.0,0.0,7.96,25.0,1567289429095
0.0,0.0,7.96,25.0,1567289429197
0.0,0.0,7.96,25.0,1567289429301
0.0,0.0,7.96,25.0,1567289429400
35.16351318359375,139.61569213867188,7.96,25.0,1567289429401
0.0,0.0,7.96,25.0,1567289429501
0.0,0.0,7.96,25.0,1567289429602
0.0,0.0,7.99,25.0,1567289429704
0.0,0.0,7.99,25.0,1567289429805
0.0,0.0,7.99,25.0,1567289429907
0.0,0.0,7.99,25.0,1567289430008
0.0,0.0,7.99,25.0,1567289430109
0.0,0.0,7.99,25.0,1567289430211
0.0,0.0,7.99,25.0,1567289430315
0.0,0.0,7.99,25.0,1567289430417
0.0,0.0,7.99,25.0,1567289430648
0.0,0.0,7.99,25.0,1567289430649
0.0,0.0,7.99,25.0,1567289430718
0.0,0.0,7.99,25.0,1567289431495
0.0,0.0,7.99,25.0,1567289431496
0.0,0.0,7.99,25.0,1567289431497
0.0,0.0,7.99,25.0,1567289431503
0.0,0.0,8.02,25.0,1567289431503
0.0,0.0,8.02,25.0,1567289431507
0.0,0.0,8.02,25.0,1567289431507
0.0,0.0,8.02,25.0,1567289431530
0.0,0.0,8.02,25.0,1567289431795
0.0,0.0,8.02,25.0,1567289431797
35.16353988647461,139.61569213867188,8.02,25.0,1567289431800
0.0,0.0,8.04,25.0,1567289431833
0.0,0.0,8.04,25.0,1567289432085
0.0,0.0,8.04,25.0,1567289432085
0.0,0.0,8.04,25.0,1567289432138
0.0,0.0,8.04,25.0,1567289432387
0.0,0.0,8.04,25.0,1567289432388
0.0,0.0,8.04,25.0,1567289432442
0.0,0.0,8.04,25.0,1567289432693
0.0,0.0,8.069,25.0,1567289432694
0.0,0.0,8.069,25.0,1567289432746
0.0,0.0,8.069,25.0,1567289433000
0.0,0.0,8.069,25.0,1567289433001
0.0,0.0,8.069,25.0,1567289433051
0.0,0.0,8.1,25.0,1567289433306
0.0,0.0,8.1,25.0,1567289433306
0.0,0.0,8.1,25.0,1567289433357
0.0,0.0,8.1,25.0,1567289433616
0.0,0.0,8.1,25.0,1567289433616
0.0,0.0,8.1,25.0,1567289433658
0.0,0.0,8.13,25.0,1567289433760
0.0,0.0,8.13,25.0,1567289433861
0.0,0.0,8.149,25.0,1567289433962
0.0,0.0,8.149,25.0,1567289434064
0.0,0.0,8.149,25.0,1567289434165
0.0,0.0,8.149,25.0,1567289434267
0.0,0.0,8.149,25.0,1567289434370
0.0,0.0,8.149,25.0,1567289434469
0.0,0.0,8.149,25.0,1567289434570
0.0,0.0,8.149,25.0,1567289434672
0.0,0.0,8.149,25.0,1567289434773
0.0,0.0,8.149,25.0,1567289434875
0.0,0.0,8.149,25.0,1567289434977
0.0,0.0,8.18,25.0,1567289435078
0.0,0.0,8.18,25.0,1567289435179
0.0,0.0,8.18,25.0,1567289435281
35.1635856628418,139.61569213867188,8.18,25.0,1567289435284
0.0,0.0,8.18,25.0,1567289435384
0.0,0.0,8.18,25.0,1567289435483
0.0,0.0,8.18,25.0,1567289435585
0.0,0.0,8.18,25.0,1567289435686
0.0,0.0,8.18,25.0,1567289435788
0.0,0.0,8.18,25.0,1567289436431
0.0,0.0,8.18,25.0,1567289436447
0.0,0.0,8.18,25.0,1567289436448
0.0,0.0,8.18,25.0,1567289436450
0.0,0.0,8.149,25.0,1567289436450
0.0,0.0,8.149,25.0,1567289436497
0.0,0.0,8.149,25.0,1567289436599
0.0,0.0,8.149,25.0,1567289436700
0.0,0.0,8.149,25.0,1567289436903
0.0,0.0,8.149,25.0,1567289437005
0.0,0.0,8.13,25.0,1567289437106
0.0,0.0,8.13,25.0,1567289437207
0.0,0.0,8.13,25.0,1567289437309
0.0,0.0,8.13,25.0,1567289437412
0.0,0.0,8.13,25.0,1567289437511
0.0,0.0,8.13,25.0,1567289437613
35.16360855102539,139.61569213867188,8.13,25.0,1567289437616
0.0,0.0,8.13,25.0,1567289437714
0.0,0.0,8.13,25.0,1567289437815
0.0,0.0,8.13,25.0,1567289437917
0.0,0.0,8.13,25.0,1567289438018
0.0,0.0,8.13,25.0,1567289438120
0.0,0.0,8.13,25.0,1567289438221
0.0,0.0,8.13,25.0,1567289438322
0.0,0.0,8.13,25.0,1567289438426
0.0,0.0,8.13,25.0,1567289438525
0.0,0.0,8.13,25.0,1567289438631
0.0,0.0,8.13,25.0,1567289438729
0.0,0.0,8.13,25.0,1567289438830
0.0,0.0,8.13,25.0,1567289438931
0.0,0.0,8.13,25.0,1567289439032
0.0,0.0,8.13,25.0,1567289439134
0.0,0.0,8.13,25.0,1567289439236
0.0,0.0,8.13,25.0,1567289439337
0.0,0.0,8.13,25.0,1567289439441
0.0,0.0,8.13,25.0,1567289439539
0.0,0.0,8.149,25.0,1567289439641
0.0,0.0,8.149,25.0,1567289439742
0.0,0.0,8.149,25.0,1567289439844
0.0,0.0,8.149,25.0,1567289439945
35.163631439208984,139.61569213867188,8.149,25.0,1567289439945
0.0,0.0,8.149,25.0,1567289440047
0.0,0.0,8.149,25.0,1567289440148
0.0,0.0,8.149,25.0,1567289440249
0.0,0.0,8.149,25.0,1567289440351
0.0,0.0,8.149,25.0,1567289440455
0.0,0.0,8.149,25.0,1567289440553
0.0,0.0,8.149,25.0,1567289440657
0.0,0.0,8.149,25.0,1567289440756
0.0,0.0,8.149,25.0,1567289440857
0.0,0.0,8.149,25.0,1567289441551
0.0,0.0,8.149,25.0,1567289441552
0.0,0.0,8.149,25.0,1567289441552
0.0,0.0,8.149,25.0,1567289441553
0.0,0.0,8.18,25.0,1567289441553
0.0,0.0,8.18,25.0,1567289441554
0.0,0.0,8.18,25.0,1567289441569
0.0,0.0,8.18,25.0,1567289441669
0.0,0.0,8.18,25.0,1567289441772
0.0,0.0,8.18,25.0,1567289441872
0.0,0.0,8.18,25.0,1567289441973
0.0,0.0,8.18,25.0,1567289442075
0.0,0.0,8.18,25.0,1567289442176
0.0,0.0,8.18,25.0,1567289442278
0.0,0.0,8.18,25.0,1567289442379
0.0,0.0,8.18,25.0,1567289442483
0.0,0.0,8.18,25.0,1567289442582
0.0,0.0,8.18,25.0,1567289442683
0.0,0.0,8.18,25.0,1567289442784
0.0,0.0,8.18,25.0,1567289442886
0.0,0.0,8.18,25.0,1567289442989
0.0,0.0,8.18,25.0,1567289443089
0.0,0.0,8.18,25.0,1567289443190
0.0,0.0,8.18,25.0,1567289443291
0.0,0.0,8.18,25.0,1567289443393
35.16367721557617,139.6156768798828,8.18,25.0,1567289443394
0.0,0.0,8.18,25.0,1567289443497
0.0,0.0,8.18,25.0,1567289443596
0.0,0.0,8.18,25.0,1567289443698
0.0,0.0,8.18,25.0,1567289443798
0.0,0.0,8.18,25.0,1567289443901
0.0,0.0,8.18,25.0,1567289444001
0.0,0.0,8.18,25.0,1567289444103
0.0,0.0,8.18,25.0,1567289444204
0.0,0.0,8.18,25.0,1567289444305
0.0,0.0,8.18,25.0,1567289444407
0.0,0.0,8.18,25.0,1567289444510
0.0,0.0,8.21,25.0,1567289444610
0.0,0.0,8.21,25.0,1567289444711
0.0,0.0,8.21,25.0,1567289444812
0.0,0.0,8.21,25.0,1567289444914
0.0,0.0,8.21,25.0,1567289445015
0.0,0.0,8.24,25.0,1567289445117
0.0,0.0,8.24,25.0,1567289445218
0.0,0.0,8.24,25.0,1567289445319
0.0,0.0,8.24,25.0,1567289445421
0.0,0.0,8.24,25.0,1567289445524
0.0,0.0,8.24,25.0,1567289445623
0.0,0.0,8.24,25.0,1567289445725
35.163700103759766,139.6156768798828,8.24,25.0,1567289445725
0.0,0.0,8.24,25.0,1567289445826
0.0,0.0,8.26,25.0,1567289446465
0.0,0.0,8.26,25.0,1567289446466
0.0,0.0,8.26,25.0,1567289446466
0.0,0.0,8.26,25.0,1567289446466
0.0,0.0,8.26,25.0,1567289446466
0.0,0.0,8.26,25.0,1567289446467
0.0,0.0,8.26,25.0,1567289446538
0.0,0.0,8.26,25.0,1567289446637
0.0,0.0,8.26,25.0,1567289446739
0.0,0.0,8.29,25.0,1567289446840
0.0,0.0,8.29,25.0,1567289446942
0.0,0.0,8.29,25.0,1567289447045
0.0,0.0,8.29,25.0,1567289447144
0.0,0.0,8.29,25.0,1567289447246
0.0,0.0,8.29,25.0,1567289447347
0.0,0.0,8.29,25.0,1567289447449
0.0,0.0,8.29,25.0,1567289447552
0.0,0.0,8.29,25.0,1567289447652
0.0,0.0,8.29,25.0,1567289447753
0.0,0.0,8.29,25.0,1567289447856
0.0,0.0,8.29,25.0,1567289447956
0.0,0.0,8.29,25.0,1567289448057
0.0,0.0,8.29,25.0,1567289448159
0.0,0.0,8.29,25.0,1567289448261
0.0,0.0,8.29,25.0,1567289448366
0.0,0.0,8.29,25.0,1567289448464
0.0,0.0,8.29,25.0,1567289448566
0.0,0.0,8.29,25.0,1567289448666
0.0,0.0,8.29,25.0,1567289448768
0.0,0.0,8.29,25.0,1567289448868
0.0,0.0,8.29,25.0,1567289448970
0.0,0.0,8.29,25.0,1567289449073
0.0,0.0,8.29,25.0,1567289449173
35.16374588012695,139.61566162109375,8.29,25.0,1567289449173
0.0,0.0,8.32,25.0,1567289449275
0.0,0.0,8.32,25.0,1567289449376
0.0,0.0,8.32,25.0,1567289449477
0.0,0.0,8.32,25.0,1567289449580
0.0,0.0,8.32,25.0,1567289449680
0.0,0.0,8.32,25.0,1567289449782
0.0,0.0,8.35,25.0,1567289449883
0.0,0.0,8.35,25.0,1567289449984
0.0,0.0,8.35,25.0,1567289450085
0.0,0.0,8.35,25.0,1567289450187
0.0,0.0,8.35,25.0,1567289450289
0.0,0.0,8.37,25.0,1567289450390
0.0,0.0,8.37,25.0,1567289450652
0.0,0.0,8.37,25.0,1567289450653
0.0,0.0,8.37,25.0,1567289450694
0.0,0.0,8.37,25.0,1567289450937
0.0,0.0,8.37,25.0,1567289450938
0.0,0.0,8.37,25.0,1567289450998
0.0,0.0,8.4,25.0,1567289451215
0.0,0.0,8.4,25.0,1567289451216
0.0,0.0,8.4,25.0,1567289451302
0.0,0.0,8.4,25.0,1567289451515
0.0,0.0,8.4,25.0,1567289451524
35.16376876831055,139.61566162109375,8.4,25.0,1567289451525
0.0,0.0,8.4,25.0,1567289451609
0.0,0.0,8.43,25.0,1567289451803
0.0,0.0,8.43,25.0,1567289451810
0.0,0.0,8.43,25.0,1567289451911
0.0,0.0,8.43,25.0,1567289452101
0.0,0.0,8.43,25.0,1567289452114
0.0,0.0,8.43,25.0,1567289452710
0.0,0.0,8.46,25.0,1567289452711
0.0,0.0,8.46,25.0,1567289452712
0.0,0.0,8.46,25.0,1567289452712
0.0,0.0,8.46,25.0,1567289452713
0.0,0.0,8.46,25.0,1567289452722
0.0,0.0,8.46,25.0,1567289452824
0.0,0.0,8.46,25.0,1567289453014
0.0,0.0,8.46,25.0,1567289453027
0.0,0.0,8.46,25.0,1567289453128
0.0,0.0,8.46,25.0,1567289453317
0.0,0.0,8.46,25.0,1567289453331
0.0,0.0,8.46,25.0,1567289453432
0.0,0.0,8.46,25.0,1567289453639
0.0,0.0,8.46,25.0,1567289453736
0.0,0.0,8.46,25.0,1567289453838
35.16379165649414,139.61566162109375,8.46,25.0,1567289453839
0.0,0.0,8.46,25.0,1567289453941
0.0,0.0,8.46,25.0,1567289454041
0.0,0.0,8.46,25.0,1567289454143
0.0,0.0,8.46,25.0,1567289454243
0.0,0.0,8.46,25.0,1567289454345
0.0,0.0,8.46,25.0,1567289454447
0.0,0.0,8.48,25.0,1567289454549
0.0,0.0,8.48,25.0,1567289454651
0.0,0.0,8.48,25.0,1567289454750
0.0,0.0,8.48,25.0,1567289454852
0.0,0.0,8.48,25.0,1567289454954
0.0,0.0,8.51,25.0,1567289455055
0.0,0.0,8.51,25.0,1567289455156
0.0,0.0,8.51,25.0,1567289455257
0.0,0.0,8.51,25.0,1567289455359
0.0,0.0,8.51,25.0,1567289455460
0.0,0.0,8.51,25.0,1567289455562
0.0,0.0,8.54,25.0,1567289455665
0.0,0.0,8.54,25.0,1567289455764
0.0,0.0,8.54,25.0,1567289455866
0.0,0.0,8.56,25.0,1567289456018
0.0,0.0,8.56,25.0,1567289456068
0.0,0.0,8.56,25.0,1567289456170
0.0,0.0,8.56,25.0,1567289456271
0.0,0.0,8.56,25.0,1567289456373
0.0,0.0,8.59,25.0,1567289456476
0.0,0.0,8.59,25.0,1567289456576
0.0,0.0,8.59,25.0,1567289456680
0.0,0.0,8.62,25.0,1567289456778
0.0,0.0,8.62,25.0,1567289456880
0.0,0.0,8.62,25.0,1567289457298
0.0,0.0,8.65,25.0,1567289457299
0.0,0.0,8.65,25.0,1567289457299
0.0,0.0,8.65,25.0,1567289457299
35.16383743286133,139.61566162109375,8.65,25.0,1567289457304
0.0,0.0,8.67,25.0,1567289457387
0.0,0.0,8.67,25.0,1567289457489
0.0,0.0,8.67,25.0,1567289457590
0.0,0.0,8.7,25.0,1567289457693
0.0,0.0,8.7,25.0,1567289457793
0.0,0.0,8.7,25.0,1567289457894
0.0,0.0,8.7,25.0,1567289457996
0.0,0.0,8.7,25.0,1567289458097
0.0,0.0,8.7,25.0,1567289458199
0.0,0.0,8.73,25.0,1567289458300
0.0,0.0,8.73,25.0,1567289458401
0.0,0.0,8.73,25.0,1567289458503
0.0,0.0,8.73,25.0,1567289458604
0.0,0.0,8.73,25.0,1567289458707
0.0,0.0,8.76,25.0,1567289458807
0.0,0.0,8.76,25.0,1567289458909
0.0,0.0,8.76,25.0,1567289459010
0.0,0.0,8.76,25.0,1567289459111
0.0,0.0,8.76,25.0,1567289459212
0.0,0.0,8.78,25.0,1567289459314
0.0,0.0,8.78,25.0,1567289459415
0.0,0.0,8.78,25.0,1567289459517
0.0,0.0,8.78,25.0,1567289459619
35.16386032104492,139.6156463623047,8.78,25.0,1567289459619
0.0,0.0,8.81,25.0,1567289459722
0.0,0.0,8.81,25.0,1567289459821
0.0,0.0,8.81,25.0,1567289459922
0.0,0.0,8.84,25.0,1567289460024
0.0,0.0,8.84,25.0,1567289460126
0.0,0.0,8.84,25.0,1567289460227
0.0,0.0,8.84,25.0,1567289460802
0.0,0.0,8.87,25.0,1567289460825
0.0,0.0,8.87,25.0,1567289460825
0.0,0.0,8.87,25.0,1567289460825
0.0,0.0,8.87,25.0,1567289460825
0.0,0.0,8.87,25.0,1567289460835
0.0,0.0,8.89,25.0,1567289460937
0.0,0.0,8.89,25.0,1567289461038
0.0,0.0,8.89,25.0,1567289461140
0.0,0.0,8.89,25.0,1567289461241
0.0,0.0,8.92,25.0,1567289461342
0.0,0.0,8.92,25.0,1567289461444
0.0,0.0,8.92,25.0,1567289461546
0.0,0.0,8.92,25.0,1567289461647
0.0,0.0,8.95,25.0,1567289461751
0.0,0.0,8.95,25.0,1567289461850
0.0,0.0,8.95,25.0,1567289461951
0.0,0.0,8.95,25.0,1567289462053
0.0,0.0,8.98,25.0,1567289462154
0.0,0.0,8.98,25.0,1567289462256
0.0,0.0,8.98,25.0,1567289462357
0.0,0.0,8.98,25.0,1567289462458
0.0,0.0,9.0,25.0,1567289462560
0.0,0.0,9.0,25.0,1567289462661
0.0,0.0,9.0,25.0,1567289462765
0.0,0.0,9.0,25.0,1567289462864
0.0,0.0,9.0,25.0,1567289462965
0.0,0.0,9.03,25.0,1567289463067
35.16390609741211,139.6156463623047,9.03,25.0,1567289463071
0.0,0.0,9.03,25.0,1567289463170
0.0,0.0,9.03,25.0,1567289463270
0.0,0.0,9.03,25.0,1567289463371
0.0,0.0,9.03,25.0,1567289463472
0.0,0.0,9.06,25.0,1567289463574
0.0,0.0,9.06,25.0,1567289463780
0.0,0.0,9.09,25.0,1567289463977
0.0,0.0,9.09,25.0,1567289464015
0.0,0.0,9.09,25.0,1567289464081
0.0,0.0,9.09,25.0,1567289464183
0.0,0.0,9.11,25.0,1567289464284
0.0,0.0,9.11,25.0,1567289464386
0.0,0.0,9.11,25.0,1567289464487
0.0,0.0,9.14,25.0,1567289464588
0.0,0.0,9.14,25.0,1567289464692
0.0,0.0,9.14,25.0,1567289464794
0.0,0.0,9.17,25.0,1567289464893
0.0,0.0,9.17,25.0,1567289464994
0.0,0.0,9.17,25.0,1567289465095
0.0,0.0,9.17,25.0,1567289465197
0.0,0.0,9.17,25.0,1567289466024
0.0,0.0,9.17,25.0,1567289466025
35.1639289855957,139.6156463623047,9.17,25.0,1567289466025
0.0,0.0,9.19,25.0,1567289466026
0.0,0.0,9.19,25.0,1567289466026
0.0,0.0,9.19,25.0,1567289466026
0.0,0.0,9.19,25.0,1567289466027
0.0,0.0,9.19,25.0,1567289466027
0.0,0.0,9.22,25.0,1567289466027
0.0,0.0,9.22,25.0,1567289466110
0.0,0.0,9.22,25.0,1567289466211
0.0,0.0,9.25,25.0,1567289466313
0.0,0.0,9.25,25.0,1567289466414
0.0,0.0,9.25,25.0,1567289466515
0.0,0.0,9.28,25.0,1567289466616
0.0,0.0,9.28,25.0,1567289466718
0.0,0.0,9.28,25.0,1567289466822
0.0,0.0,9.3,25.0,1567289466921
0.0,0.0,9.3,25.0,1567289467023
0.0,0.0,9.3,25.0,1567289467124
0.0,0.0,9.33,25.0,1567289467225
0.0,0.0,9.33,25.0,1567289467327
0.0,0.0,9.33,25.0,1567289467429
0.0,0.0,9.36,25.0,1567289467537
0.0,0.0,9.36,25.0,1567289467663
0.0,0.0,9.36,25.0,1567289467732
0.0,0.0,9.36,25.0,1567289467836
0.0,0.0,9.36,25.0,1567289467935
0.0,0.0,9.36,25.0,1567289468037
0.0,0.0,9.39,25.0,1567289468138
0.0,0.0,9.39,25.0,1567289468239
0.0,0.0,9.39,25.0,1567289468341
0.0,0.0,9.39,25.0,1567289468443
0.0,0.0,9.41,25.0,1567289468544
0.0,0.0,9.41,25.0,1567289468646
0.0,0.0,9.44,25.0,1567289468747
0.0,0.0,9.44,25.0,1567289468850
0.0,0.0,9.44,25.0,1567289468949
0.0,0.0,9.47,25.0,1567289469051
0.0,0.0,9.47,25.0,1567289469152
0.0,0.0,9.5,25.0,1567289469254
0.0,0.0,9.5,25.0,1567289469355
0.0,0.0,9.5,25.0,1567289469457
35.16397476196289,139.61563110351562,9.5,25.0,1567289469460
0.0,0.0,9.52,25.0,1567289469558
0.0,0.0,9.52,25.0,1567289469660
0.0,0.0,9.52,25.0,1567289469761
0.0,0.0,9.52,25.0,1567289469865
0.0,0.0,9.52,25.0,1567289469964
0.0,0.0,9.55,25.0,1567289470065
0.0,0.0,9.55,25.0,1567289470167
0.0,0.0,9.55,25.0,1567289470269
0.0,0.0,9.55,25.0,1567289470912
0.0,0.0,9.55,25.0,1567289470915
0.0,0.0,9.55,25.0,1567289470917
0.0,0.0,9.58,25.0,1567289470917
0.0,0.0,9.58,25.0,1567289470917
0.0,0.0,9.58,25.0,1567289470917
0.0,0.0,9.58,25.0,1567289470978
0.0,0.0,9.61,25.0,1567289471190
0.0,0.0,9.61,25.0,1567289471190
0.0,0.0,9.63,25.0,1567289471283
0.0,0.0,9.63,25.0,1567289471469
0.0,0.0,9.63,25.0,1567289471486
0.0,0.0,9.66,25.0,1567289471587
0.0,0.0,9.66,25.0,1567289471757
0.0,0.0,9.69,25.0,1567289471792
0.0,0.0,9.69,25.0,1567289472072
0.0,0.0,9.69,25.0,1567289472073
0.0,0.0,9.71,25.0,1567289472094
0.0,0.0,9.71,25.0,1567289472377
0.0,0.0,9.74,25.0,1567289472378
0.0,0.0,9.74,25.0,1567289472399
0.0,0.0,9.77,25.0,1567289472682
0.0,0.0,9.77,25.0,1567289472683
0.0,0.0,9.8,25.0,1567289472703
0.0,0.0,9.8,25.0,1567289472994
0.0,0.0,9.8,25.0,1567289472995
35.16402053833008,139.6156463623047,9.8,25.0,1567289472995
0.0,0.0,9.82,25.0,1567289473008
0.0,0.0,9.82,25.0,1567289473109
0.0,0.0,9.82,25.0,1567289473299
0.0,0.0,9.85,25.0,1567289473312
0.0,0.0,9.85,25.0,1567289473413
0.0,0.0,9.85,25.0,1567289473602
0.0,0.0,9.88,25.0,1567289473620
0.0,0.0,9.91,25.0,1567289473717
0.0,0.0,9.91,25.0,1567289473819
0.0,0.0,9.93,25.0,1567289473925
0.0,0.0,9.93,25.0,1567289474022
0.0,0.0,9.96,25.0,1567289474124
0.0,0.0,9.99,25.0,1567289474225
0.0,0.0,9.99,25.0,1567289474326
0.0,0.0,10.02,25.0,1567289474428
0.0,0.0,10.02,25.0,1567289474529
0.0,0.0,10.04,25.0,1567289474631
0.0,0.0,10.04,25.0,1567289474732
0.0,0.0,10.07,25.0,1567289474834
0.0,0.0,10.07,25.0,1567289474938
0.0,0.0,10.07,25.0,1567289475037
0.0,0.0,10.1,25.0,1567289475138
0.0,0.0,10.1,25.0,1567289475240
0.0,0.0,10.1,25.0,1567289475855
0.0,0.0,10.1,25.0,1567289475857
0.0,0.0,10.1,25.0,1567289475857
0.0,0.0,10.1,25.0,1567289475858
0.0,0.0,10.1,25.0,1567289475867
0.0,0.0,10.1,25.0,1567289475869
35.16404342651367,139.6156463623047,10.1,25.0,1567289475887
0.0,0.0,10.13,25.0,1567289475951
0.0,0.0,10.13,25.0,1567289476051
0.0,0.0,10.13,25.0,1567289476152
0.0,0.0,10.15,25.0,1567289476254
0.0,0.0,10.15,25.0,1567289476355
0.0,0.0,10.15,25.0,1567289476457
0.0,0.0,10.18,25.0,1567289476558
0.0,0.0,10.18,25.0,1567289476660
0.0,0.0,10.18,25.0,1567289476761
0.0,0.0,10.21,25.0,1567289476863
0.0,0.0,10.21,25.0,1567289476966
0.0,0.0,10.21,25.0,1567289477065
0.0,0.0,10.21,25.0,1567289477167
0.0,0.0,10.21,25.0,1567289477268
0.0,0.0,10.21,25.0,1567289477370
0.0,0.0,10.21,25.0,1567289477471
0.0,0.0,10.24,25.0,1567289477573
0.0,0.0,10.24,25.0,1567289477674
0.0,0.0,10.24,25.0,1567289477778
0.0,0.0,10.24,25.0,1567289477877
0.0,0.0,10.24,25.0,1567289477988
0.0,0.0,10.24,25.0,1567289478080
0.0,0.0,10.24,25.0,1567289478181
0.0,0.0,10.24,25.0,1567289478283
0.0,0.0,10.24,25.0,1567289478384
0.0,0.0,10.24,25.0,1567289478486
0.0,0.0,10.26,25.0,1567289478588
0.0,0.0,10.26,25.0,1567289478688
0.0,0.0,10.26,25.0,1567289478790
0.0,0.0,10.29,25.0,1567289478891
0.0,0.0,10.29,25.0,1567289478995
0.0,0.0,10.32,25.0,1567289479094
0.0,0.0,10.32,25.0,1567289479195
0.0,0.0,10.32,25.0,1567289479297
35.164085388183594,139.61563110351562,10.32,25.0,1567289479297
0.0,0.0,10.32,25.0,1567289479399
0.0,0.0,10.32,25.0,1567289479500
0.0,0.0,10.32,25.0,1567289479602
0.0,0.0,10.32,25.0,1567289479703
0.0,0.0,10.32,25.0,1567289479805
0.0,0.0,10.32,25.0,1567289479906
0.0,0.0,10.32,25.0,1567289480009
0.0,0.0,10.32,25.0,1567289480109
0.0,0.0,10.32,25.0,1567289480210
0.0,0.0,10.32,25.0,1567289480337
0.0,0.0,10.34,25.0,1567289480413
0.0,0.0,10.34,25.0,1567289480514
0.0,0.0,10.34,25.0,1567289481078
0.0,0.0,10.34,25.0,1567289481078
0.0,0.0,10.37,25.0,1567289481078
0.0,0.0,10.37,25.0,1567289481079
0.0,0.0,10.37,25.0,1567289481079
0.0,0.0,10.4,25.0,1567289481124
0.0,0.0,10.4,25.0,1567289481225
0.0,0.0,10.43,25.0,1567289481327
0.0,0.0,10.43,25.0,1567289481428
0.0,0.0,10.45,25.0,1567289481529
0.0,0.0,10.45,25.0,1567289481631
35.16412353515625,139.61563110351562,10.45,25.0,1567289481633
0.0,0.0,10.48,25.0,1567289481732
0.0,0.0,10.48,25.0,1567289481834
0.0,0.0,10.51,25.0,1567289481935
0.0,0.0,10.51,25.0,1567289482039
0.0,0.0,10.51,25.0,1567289482138
0.0,0.0,10.51,25.0,1567289482239
0.0,0.0,10.51,25.0,1567289482341
0.0,0.0,10.54,25.0,1567289482444
0.0,0.0,10.56,25.0,1567289482544
0.0,0.0,10.56,25.0,1567289482645
0.0,0.0,10.56,25.0,1567289482747
0.0,0.0,10.59,25.0,1567289482849
0.0,0.0,10.59,25.0,1567289482952
0.0,0.0,10.62,25.0,1567289483054
0.0,0.0,10.62,25.0,1567289483153
0.0,0.0,10.65,25.0,1567289483255
0.0,0.0,10.65,25.0,1567289483356
0.0,0.0,10.65,25.0,1567289483457
0.0,0.0,10.67,25.0,1567289483559
0.0,0.0,10.67,25.0,1567289483660
0.0,0.0,10.67,25.0,1567289483762
0.0,0.0,10.7,25.0,1567289483864
0.0,0.0,10.7,25.0,1567289483965
0.0,0.0,10.7,25.0,1567289484068
0.0,0.0,10.7,25.0,1567289484177
0.0,0.0,10.73,25.0,1567289484269
0.0,0.0,10.73,25.0,1567289484371
0.0,0.0,10.73,25.0,1567289484472
0.0,0.0,10.73,25.0,1567289484573
0.0,0.0,10.76,25.0,1567289484675
0.0,0.0,10.76,25.0,1567289484776
0.0,0.0,10.76,25.0,1567289484878
0.0,0.0,10.76,25.0,1567289484979
0.0,0.0,10.78,25.0,1567289485083
0.0,0.0,10.78,25.0,1567289485182
35.16415023803711,139.61561584472656,10.78,25.0,1567289485183
0.0,0.0,10.78,25.0,1567289485284
0.0,0.0,10.81,25.0,1567289485385
0.0,0.0,10.81,25.0,1567289485487
0.0,0.0,10.81,25.0,1567289486197
0.0,0.0,10.84,25.0,1567289486198
0.0,0.0,10.84,25.0,1567289486198
0.0,0.0,10.84,25.0,1567289486198
0.0,0.0,10.86,25.0,1567289486199
0.0,0.0,10.86,25.0,1567289486199
0.0,0.0,10.86,25.0,1567289486199
0.0,0.0,10.89,25.0,1567289486298
0.0,0.0,10.89,25.0,1567289486400
0.0,0.0,10.89,25.0,1567289486502
0.0,0.0,10.89,25.0,1567289486603
0.0,0.0,10.89,25.0,1567289486706
0.0,0.0,10.92,25.0,1567289486806
0.0,0.0,10.92,25.0,1567289486908
0.0,0.0,10.92,25.0,1567289487009
0.0,0.0,10.92,25.0,1567289487113
0.0,0.0,10.95,25.0,1567289487212
0.0,0.0,10.95,25.0,1567289487313
0.0,0.0,10.95,25.0,1567289487414
0.0,0.0,10.97,25.0,1567289487517
35.16416931152344,139.61561584472656,10.97,25.0,1567289487518
0.0,0.0,10.97,25.0,1567289487617
0.0,0.0,10.97,25.0,1567289487719
0.0,0.0,11.0,25.0,1567289487832
0.0,0.0,11.0,25.0,1567289487922
0.0,0.0,11.0,25.0,1567289488023
0.0,0.0,11.0,25.0,1567289488127
0.0,0.0,11.03,25.0,1567289488226
0.0,0.0,11.03,25.0,1567289488328
0.0,0.0,11.03,25.0,1567289488429
0.0,0.0,11.03,25.0,1567289488531
0.0,0.0,11.06,25.0,1567289488632
0.0,0.0,11.06,25.0,1567289488733
0.0,0.0,11.06,25.0,1567289488835
0.0,0.0,11.06,25.0,1567289488936
0.0,0.0,11.08,25.0,1567289489038
0.0,0.0,11.08,25.0,1567289489142
0.0,0.0,11.08,25.0,1567289489241
0.0,0.0,11.08,25.0,1567289489342
0.0,0.0,11.11,25.0,1567289489443
0.0,0.0,11.11,25.0,1567289489545
0.0,0.0,11.11,25.0,1567289489646
0.0,0.0,11.11,25.0,1567289489748
0.0,0.0,11.14,25.0,1567289489849
35.1641960144043,139.6156005859375,11.14,25.0,1567289489850
0.0,0.0,11.14,25.0,1567289489952
0.0,0.0,11.17,25.0,1567289490052
0.0,0.0,11.17,25.0,1567289490156
0.0,0.0,11.17,25.0,1567289490255
0.0,0.0,11.17,25.0,1567289490357
0.0,0.0,11.19,25.0,1567289490458
0.0,0.0,11.19,25.0,1567289491243
0.0,0.0,11.19,25.0,1567289491243
0.0,0.0,11.19,25.0,1567289491246
0.0,0.0,11.19,25.0,1567289491247
0.0,0.0,11.19,25.0,1567289491247
0.0,0.0,11.19,25.0,1567289491247
0.0,0.0,11.19,25.0,1567289491247
0.0,0.0,11.19,25.0,1567289491270
0.0,0.0,11.22,25.0,1567289491542
0.0,0.0,11.22,25.0,1567289491556
0.0,0.0,11.22,25.0,1567289491574
0.0,0.0,11.22,25.0,1567289491832
0.0,0.0,11.25,25.0,1567289491833
0.0,0.0,11.25,25.0,1567289491879
0.0,0.0,11.25,25.0,1567289492146
0.0,0.0,11.28,25.0,1567289492147
0.0,0.0,11.28,25.0,1567289492192
0.0,0.0,11.28,25.0,1567289492449
0.0,0.0,11.28,25.0,1567289492450
0.0,0.0,11.3,25.0,1567289492488
0.0,0.0,11.3,25.0,1567289492754
0.0,0.0,11.3,25.0,1567289492754
0.0,0.0,11.33,25.0,1567289492796
0.0,0.0,11.33,25.0,1567289493069
0.0,0.0,11.33,25.0,1567289493070
0.0,0.0,11.33,25.0,1567289493100
0.0,0.0,11.36,25.0,1567289493373
0.0,0.0,11.36,25.0,1567289493373
0.0,0.0,11.36,25.0,1567289493401
0.0,0.0,11.36,25.0,1567289493680
0.0,0.0,11.36,25.0,1567289493681
35.164241790771484,139.6156005859375,11.36,25.0,1567289493682
0.0,0.0,11.39,25.0,1567289493705
0.0,0.0,11.39,25.0,1567289493807
0.0,0.0,11.39,25.0,1567289493908
0.0,0.0,11.41,25.0,1567289494010
0.0,0.0,11.41,25.0,1567289494111
0.0,0.0,11.44,25.0,1567289494215
0.0,0.0,11.44,25.0,1567289494314
0.0,0.0,11.44,25.0,1567289494418
0.0,0.0,11.47,25.0,1567289494517
0.0,0.0,11.47,25.0,1567289494619
0.0,0.0,11.47,25.0,1567289494720
0.0,0.0,11.47,25.0,1567289494821
0.0,0.0,11.47,25.0,1567289494923
0.0,0.0,11.47,25.0,1567289495024
0.0,0.0,11.47,25.0,1567289495126
0.0,0.0,11.47,25.0,1567289495230
0.0,0.0,11.47,25.0,1567289495329
0.0,0.0,11.47,25.0,1567289495430
0.0,0.0,11.47,25.0,1567289495532
0.0,0.0,11.47,25.0,1567289495633
0.0,0.0,11.49,25.0,1567289495735
0.0,0.0,11.49,25.0,1567289495837
0.0,0.0,11.49,25.0,1567289495938
0.0,0.0,11.49,25.0,1567289496039
0.0,0.0,11.49,25.0,1567289496141
35.16426467895508,139.61558532714844,11.49,25.0,1567289496142
0.0,0.0,11.49,25.0,1567289496244
0.0,0.0,11.49,25.0,1567289496344
0.0,0.0,11.52,25.0,1567289496445
0.0,0.0,11.52,25.0,1567289496547
0.0,0.0,11.52,25.0,1567289496648
0.0,0.0,11.52,25.0,1567289496749
0.0,0.0,11.52,25.0,1567289496851
0.0,0.0,11.55,25.0,1567289497577
0.0,0.0,11.55,25.0,1567289497663
0.0,0.0,11.55,25.0,1567289497765
0.0,0.0,11.55,25.0,1567289497866
0.0,0.0,11.58,25.0,1567289497967
0.0,0.0,11.58,25.0,1567289498069
0.0,0.0,11.58,25.0,1567289498170
0.0,0.0,11.58,25.0,1567289498274
0.0,0.0,11.6,25.0,1567289498373
0.0,0.0,11.6,25.0,1567289498475
0.0,0.0,11.6,25.0,1567289498576
0.0,0.0,11.6,25.0,1567289498678
0.0,0.0,11.6,25.0,1567289498779
0.0,0.0,11.6,25.0,1567289498880
0.0,0.0,11.63,25.0,1567289498982
0.0,0.0,11.63,25.0,1567289499083
0.0,0.0,11.63,25.0,1567289499185
0.0,0.0,11.63,25.0,1567289499288
0.0,0.0,11.63,25.0,1567289499387
0.0,0.0,11.63,25.0,1567289499489
0.0,0.0,11.63,25.0,1567289499590
35.164306640625,139.61557006835938,11.63,25.0,1567289499591
0.0,0.0,11.66,25.0,1567289499692
0.0,0.0,11.66,25.0,1567289499793
0.0,0.0,11.66,25.0,1567289499895
0.0,0.0,11.66,25.0,1567289499996
0.0,0.0,11.66,25.0,1567289500098
0.0,0.0,11.66,25.0,1567289500200
0.0,0.0,11.69,25.0,1567289500303
0.0,0.0,11.69,25.0,1567289500402
0.0,0.0,11.69,25.0,1567289500504
0.0,0.0,11.69,25.0,1567289500605
0.0,0.0,11.69,25.0,1567289500818
0.0,0.0,11.71,25.0,1567289500832
0.0,0.0,11.71,25.0,1567289500910
0.0,0.0,11.71,25.0,1567289501011
0.0,0.0,11.71,25.0,1567289501113
0.0,0.0,11.71,25.0,1567289501215
0.0,0.0,11.71,25.0,1567289501318
0.0,0.0,11.71,25.0,1567289501417
0.0,0.0,11.74,25.0,1567289501519
0.0,0.0,11.74,25.0,1567289501620
0.0,0.0,11.74,25.0,1567289501722
0.0,0.0,11.74,25.0,1567289502171
35.16432571411133,139.61557006835938,11.74,25.0,1567289502172
0.0,0.0,11.74,25.0,1567289502229
0.0,0.0,11.77,25.0,1567289502336
0.0,0.0,11.77,25.0,1567289502432
0.0,0.0,11.77,25.0,1567289502533
0.0,0.0,11.77,25.0,1567289502635
0.0,0.0,11.77,25.0,1567289502736
0.0,0.0,11.77,25.0,1567289502838
0.0,0.0,11.77,25.0,1567289502939
0.0,0.0,11.77,25.0,1567289503041
0.0,0.0,11.77,25.0,1567289503142
0.0,0.0,11.77,25.0,1567289503244
0.0,0.0,11.77,25.0,1567289503347
0.0,0.0,11.77,25.0,1567289503447
0.0,0.0,11.77,25.0,1567289503549
0.0,0.0,11.77,25.0,1567289503651
0.0,0.0,11.77,25.0,1567289503752
0.0,0.0,11.8,25.0,1567289503853
0.0,0.0,11.8,25.0,1567289503955
0.0,0.0,11.8,25.0,1567289504057
0.0,0.0,11.8,25.0,1567289504158
0.0,0.0,11.8,25.0,1567289504260
0.0,0.0,11.8,25.0,1567289504363
0.0,0.0,11.8,25.0,1567289504462
0.0,0.0,11.8,25.0,1567289504564
0.0,0.0,11.8,25.0,1567289504666
0.0,0.0,11.82,25.0,1567289504767
0.0,0.0,11.82,25.0,1567289504868
0.0,0.0,11.82,25.0,1567289504970
0.0,0.0,11.82,25.0,1567289505071
0.0,0.0,11.82,25.0,1567289505590
0.0,0.0,11.82,25.0,1567289505590
0.0,0.0,11.82,25.0,1567289505591
0.0,0.0,11.82,25.0,1567289505591
0.0,0.0,11.82,25.0,1567289505591
0.0,0.0,11.82,25.0,1567289505681
35.164371490478516,139.6155548095703,11.82,25.0,1567289505683
0.0,0.0,11.82,25.0,1567289505782
0.0,0.0,11.82,25.0,1567289505883
0.0,0.0,11.82,25.0,1567289505985
0.0,0.0,11.82,25.0,1567289506086
0.0,0.0,11.85,25.0,1567289506188
0.0,0.0,11.85,25.0,1567289506289
0.0,0.0,11.85,25.0,1567289506393
0.0,0.0,11.85,25.0,1567289506492
0.0,0.0,11.85,25.0,1567289506677
0.0,0.0,11.85,25.0,1567289506695
0.0,0.0,11.85,25.0,1567289506796
0.0,0.0,11.85,25.0,1567289506898
0.0,0.0,11.85,25.0,1567289506999
0.0,0.0,11.85,25.0,1567289507101
0.0,0.0,11.88,25.0,1567289507205
0.0,0.0,11.88,25.0,1567289507304
0.0,0.0,11.88,25.0,1567289507408
0.0,0.0,11.88,25.0,1567289507510
0.0,0.0,11.88,25.0,1567289507608
0.0,0.0,11.88,25.0,1567289507710
0.0,0.0,11.88,25.0,1567289507811
0.0,0.0,11.88,25.0,1567289507913
0.0,0.0,11.88,25.0,1567289508013
0.0,0.0,11.88,25.0,1567289508114
0.0,0.0,11.88,25.0,1567289508217
0.0,0.0,11.88,25.0,1567289508318
0.0,0.0,11.91,25.0,1567289508421
0.0,0.0,11.91,25.0,1567289508521
0.0,0.0,11.91,25.0,1567289508622
0.0,0.0,11.91,25.0,1567289508724
0.0,0.0,11.91,25.0,1567289508826
0.0,0.0,11.93,25.0,1567289508926
0.0,0.0,11.93,25.0,1567289509029
0.0,0.0,11.93,25.0,1567289509129
35.16440963745117,139.6155548095703,11.93,25.0,1567289509131
0.0,0.0,11.93,25.0,1567289509231
0.0,0.0,11.93,25.0,1567289509332
0.0,0.0,11.93,25.0,1567289509436
0.0,0.0,11.93,25.0,1567289509536
0.0,0.0,11.96,25.0,1567289509637
0.0,0.0,11.96,25.0,1567289509740
0.0,0.0,11.96,25.0,1567289509840
0.0,0.0,11.96,25.0,1567289509941
0.0,0.0,11.96,25.0,1567289510043
0.0,0.0,11.99,25.0,1567289510673
0.0,0.0,11.99,25.0,1567289510674
0.0,0.0,11.99,25.0,1567289510674
0.0,0.0,11.99,25.0,1567289510675
0.0,0.0,11.99,25.0,1567289510675
0.0,0.0,12.01,25.0,1567289510675
0.0,0.0,12.01,25.0,1567289510753
0.0,0.0,12.01,25.0,1567289510965
0.0,0.0,12.01,25.0,1567289510966
0.0,0.0,12.01,25.0,1567289511057
0.0,0.0,12.04,25.0,1567289511257
0.0,0.0,12.01,25.0,1567289511265
0.0,0.0,12.01,25.0,1567289511362
0.0,0.0,12.01,25.0,1567289511557
0.0,0.0,12.01,25.0,1567289511565
0.0,0.0,12.01,25.0,1567289511666
0.0,0.0,12.01,25.0,1567289511837
0.0,0.0,12.01,25.0,1567289511869
0.0,0.0,12.01,25.0,1567289512129
0.0,0.0,12.01,25.0,1567289512130
0.0,0.0,12.01,25.0,1567289512176
0.0,0.0,12.01,25.0,1567289512433
0.0,0.0,12.01,25.0,1567289512433
0.0,0.0,12.01,25.0,1567289512481
0.0,0.0,12.04,25.0,1567289512737
0.0,0.0,12.04,25.0,1567289512738
0.0,0.0,12.04,25.0,1567289512782
0.0,0.0,12.04,25.0,1567289513049
0.0,0.0,12.04,25.0,1567289513071
0.0,0.0,12.04,25.0,1567289513087
0.0,0.0,12.04,25.0,1567289513352
0.0,0.0,12.04,25.0,1567289513353
0.0,0.0,12.04,25.0,1567289513391
0.0,0.0,12.04,25.0,1567289513657
0.0,0.0,12.04,25.0,1567289513657
0.0,0.0,12.04,25.0,1567289513696
0.0,0.0,12.04,25.0,1567289513797
35.16444396972656,139.6155548095703,12.04,25.0,1567289513798
0.0,0.0,12.04,25.0,1567289513899
0.0,0.0,12.04,25.0,1567289514000
0.0,0.0,12.01,25.0,1567289514102
0.0,0.0,12.01,25.0,1567289514324
0.0,0.0,12.01,25.0,1567289514325
0.0,0.0,12.01,25.0,1567289514406
0.0,0.0,12.01,25.0,1567289514616
0.0,0.0,12.01,25.0,1567289514616
0.0,0.0,12.04,25.0,1567289514710
0.0,0.0,12.04,25.0,1567289514899
0.0,0.0,12.04,25.0,1567289514913
0.0,0.0,12.04,25.0,1567289515015
0.0,0.0,12.04,25.0,1567289515749
0.0,0.0,12.07,25.0,1567289515750
0.0,0.0,12.07,25.0,1567289515754
0.0,0.0,12.07,25.0,1567289515755
0.0,0.0,12.07,25.0,1567289515755
0.0,0.0,12.07,25.0,1567289515755
0.0,0.0,12.1,25.0,1567289515756
0.0,0.0,12.1,25.0,1567289515827
0.0,0.0,12.1,25.0,1567289516057
0.0,0.0,12.1,25.0,1567289516073
35.164451599121094,139.6155548095703,12.1,25.0,1567289516076
0.0,0.0,12.1,25.0,1567289516131
0.0,0.0,12.1,25.0,1567289516361
0.0,0.0,12.1,25.0,1567289516361
0.0,0.0,12.1,25.0,1567289516436
0.0,0.0,12.1,25.0,1567289516669
0.0,0.0,12.1,25.0,1567289516670
0.0,0.0,12.07,25.0,1567289516740
0.0,0.0,12.07,25.0,1567289516971
0.0,0.0,12.07,25.0,1567289516972
0.0,0.0,12.07,25.0,1567289517044
0.0,0.0,12.07,25.0,1567289517275
0.0,0.0,12.1,25.0,1567289517276
0.0,0.0,12.1,25.0,1567289517349
0.0,0.0,12.1,25.0,1567289517457
0.0,0.0,12.1,25.0,1567289517554
0.0,0.0,12.12,25.0,1567289517653
0.0,0.0,12.12,25.0,1567289517755
0.0,0.0,12.12,25.0,1567289517857
0.0,0.0,12.12,25.0,1567289517958
0.0,0.0,12.12,25.0,1567289518060
0.0,0.0,12.12,25.0,1567289518162
0.0,0.0,12.12,25.0,1567289518263
0.0,0.0,12.12,25.0,1567289518364
0.0,0.0,12.12,25.0,1567289518466
0.0,0.0,12.1,25.0,1567289518569
0.0,0.0,12.1,25.0,1567289518668
0.0,0.0,12.1,25.0,1567289518770
0.0,0.0,12.1,25.0,1567289518871
0.0,0.0,12.07,25.0,1567289518972
0.0,0.0,12.07,25.0,1567289519074
0.0,0.0,12.07,25.0,1567289519175
0.0,0.0,12.07,25.0,1567289519277
0.0,0.0,12.07,25.0,1567289519381
0.0,0.0,12.07,25.0,1567289519480
0.0,0.0,12.07,25.0,1567289519583
35.16447448730469,139.6155548095703,12.07,25.0,1567289519584
0.0,0.0,12.07,25.0,1567289519683
0.0,0.0,12.07,25.0,1567289519785
0.0,0.0,12.1,25.0,1567289519886
0.0,0.0,12.1,25.0,1567289519987
0.0,0.0,12.1,25.0,1567289520604
0.0,0.0,12.1,25.0,1567289520604
0.0,0.0,12.1,25.0,1567289520605
0.0,0.0,12.07,25.0,1567289520605
0.0,0.0,12.07,25.0,1567289520605
0.0,0.0,12.07,25.0,1567289520698
0.0,0.0,12.07,25.0,1567289520799
0.0,0.0,12.07,25.0,1567289520900
0.0,0.0,12.04,25.0,1567289521002
0.0,0.0,12.07,25.0,1567289521103
0.0,0.0,12.07,25.0,1567289521205
0.0,0.0,12.07,25.0,1567289521306
0.0,0.0,12.07,25.0,1567289521409
0.0,0.0,12.07,25.0,1567289521509
0.0,0.0,12.07,25.0,1567289521626
0.0,0.0,12.07,25.0,1567289521712
0.0,0.0,12.07,25.0,1567289521814
0.0,0.0,12.07,25.0,1567289521915
35.164485931396484,139.61553955078125,12.07,25.0,1567289521916
0.0,0.0,12.07,25.0,1567289522017
0.0,0.0,12.1,25.0,1567289522118
0.0,0.0,12.1,25.0,1567289522220
0.0,0.0,12.1,25.0,1567289522321
0.0,0.0,12.1,25.0,1567289522423
0.0,0.0,12.1,25.0,1567289522524
0.0,0.0,12.1,25.0,1567289522629
0.0,0.0,12.1,25.0,1567289522754
0.0,0.0,12.12,25.0,1567289522829
0.0,0.0,12.12,25.0,1567289522930
0.0,0.0,12.12,25.0,1567289523032
0.0,0.0,12.12,25.0,1567289523132
0.0,0.0,12.12,25.0,1567289523234
0.0,0.0,12.15,25.0,1567289523335
0.0,0.0,12.15,25.0,1567289523437
0.0,0.0,12.15,25.0,1567289523539
0.0,0.0,12.18,25.0,1567289523642
0.0,0.0,12.18,25.0,1567289523741
0.0,0.0,12.21,25.0,1567289523845
0.0,0.0,12.18,25.0,1567289523945
0.0,0.0,12.21,25.0,1567289524046
0.0,0.0,12.21,25.0,1567289524147
0.0,0.0,12.21,25.0,1567289524249
0.0,0.0,12.21,25.0,1567289524350
35.16450119018555,139.61553955078125,12.21,25.0,1567289524351
0.0,0.0,12.21,25.0,1567289524452
0.0,0.0,12.21,25.0,1567289524554
0.0,0.0,12.21,25.0,1567289524657
0.0,0.0,12.23,25.0,1567289524757
0.0,0.0,12.23,25.0,1567289524858
0.0,0.0,12.23,25.0,1567289524960
0.0,0.0,12.23,25.0,1567289525060
0.0,0.0,12.23,25.0,1567289525162
0.0,0.0,12.23,25.0,1567289525264
0.0,0.0,12.26,25.0,1567289525885
0.0,0.0,12.29,25.0,1567289525974
0.0,0.0,12.29,25.0,1567289526075
0.0,0.0,12.29,25.0,1567289526177
0.0,0.0,12.29,25.0,1567289526279
0.0,0.0,12.29,25.0,1567289526380
0.0,0.0,12.29,25.0,1567289526481
0.0,0.0,12.29,25.0,1567289526583
0.0,0.0,12.29,25.0,1567289526686
0.0,0.0,12.29,25.0,1567289526786
0.0,0.0,12.29,25.0,1567289526888
0.0,0.0,12.29,25.0,1567289526989
0.0,0.0,12.29,25.0,1567289527090
0.0,0.0,12.29,25.0,1567289527193
0.0,0.0,12.32,25.0,1567289527294
0.0,0.0,12.32,25.0,1567289527395
0.0,0.0,12.32,25.0,1567289527496
0.0,0.0,12.32,25.0,1567289527598
0.0,0.0,12.34,25.0,1567289527701
0.0,0.0,12.34,25.0,1567289527801
35.16453552246094,139.61553955078125,12.34,25.0,1567289527802
0.0,0.0,12.34,25.0,1567289527905
0.0,0.0,12.34,25.0,1567289528004
0.0,0.0,12.34,25.0,1567289528106
0.0,0.0,12.34,25.0,1567289528207
0.0,0.0,12.32,25.0,1567289528308
0.0,0.0,12.32,25.0,1567289528409
0.0,0.0,12.32,25.0,1567289528511
0.0,0.0,12.32,25.0,1567289528613
0.0,0.0,12.32,25.0,1567289528716
0.0,0.0,12.32,25.0,1567289528815
0.0,0.0,12.32,25.0,1567289528917
0.0,0.0,12.32,25.0,1567289529018
0.0,0.0,12.32,25.0,1567289529120
0.0,0.0,12.32,25.0,1567289529221
0.0,0.0,12.32,25.0,1567289529323
0.0,0.0,12.32,25.0,1567289529424
0.0,0.0,12.32,25.0,1567289529526
0.0,0.0,12.32,25.0,1567289529628
0.0,0.0,12.34,25.0,1567289529731
0.0,0.0,12.34,25.0,1567289529830
0.0,0.0,12.34,25.0,1567289529935
0.0,0.0,12.34,25.0,1567289530033
0.0,0.0,12.34,25.0,1567289530135
0.0,0.0,12.34,25.0,1567289530954
0.0,0.0,12.34,25.0,1567289530955
0.0,0.0,12.34,25.0,1567289530956
0.0,0.0,12.34,25.0,1567289530957
0.0,0.0,12.34,25.0,1567289530957
0.0,0.0,12.34,25.0,1567289530958
0.0,0.0,12.34,25.0,1567289531047
0.0,0.0,12.34,25.0,1567289531237
0.0,0.0,12.34,25.0,1567289531251
0.0,0.0,12.34,25.0,1567289531352
0.0,0.0,12.34,25.0,1567289531555
0.0,0.0,12.34,25.0,1567289531799
0.0,0.0,12.34,25.0,1567289531799
0.0,0.0,12.34,25.0,1567289531859
0.0,0.0,12.34,25.0,1567289532102
0.0,0.0,12.37,25.0,1567289532103
35.16457748413086,139.6155242919922,12.37,25.0,1567289532104
0.0,0.0,12.37,25.0,1567289532165
0.0,0.0,12.37,25.0,1567289532404
0.0,0.0,12.37,25.0,1567289532405
0.0,0.0,12.37,25.0,1567289532468
0.0,0.0,12.37,25.0,1567289532712
0.0,0.0,12.37,25.0,1567289532712
0.0,0.0,12.37,25.0,1567289532775
0.0,0.0,12.37,25.0,1567289533023
0.0,0.0,12.37,25.0,1567289533023
0.0,0.0,12.37,25.0,1567289533076
0.0,0.0,12.37,25.0,1567289533327
0.0,0.0,12.37,25.0,1567289533327
0.0,0.0,12.37,25.0,1567289533380
0.0,0.0,12.37,25.0,1567289533630
0.0,0.0,12.37,25.0,1567289533632
0.0,0.0,12.37,25.0,1567289533685
0.0,0.0,12.37,25.0,1567289533788
0.0,0.0,12.37,25.0,1567289533888
0.0,0.0,12.37,25.0,1567289533989
0.0,0.0,12.37,25.0,1567289534099
0.0,0.0,12.4,25.0,1567289534192
0.0,0.0,12.4,25.0,1567289534294
0.0,0.0,12.4,25.0,1567289534395
0.0,0.0,12.4,25.0,1567289534497
0.0,0.0,12.4,25.0,1567289534599
0.0,0.0,12.4,25.0,1567289534700
0.0,0.0,12.4,25.0,1567289534803
0.0,0.0,12.4,25.0,1567289534903
0.0,0.0,12.43,25.0,1567289535004
0.0,0.0,12.43,25.0,1567289535106
0.0,0.0,12.43,25.0,1567289535207
0.0,0.0,12.43,25.0,1567289535309
0.0,0.0,12.43,25.0,1567289535410
0.0,0.0,12.43,25.0,1567289536004
35.16461944580078,139.6155242919922,12.43,25.0,1567289536006
0.0,0.0,12.43,25.0,1567289536007
0.0,0.0,12.43,25.0,1567289536007
0.0,0.0,12.43,25.0,1567289536008
0.0,0.0,12.43,25.0,1567289536008
0.0,0.0,12.43,25.0,1567289536019
0.0,0.0,12.43,25.0,1567289536121
0.0,0.0,12.43,25.0,1567289536222
0.0,0.0,12.43,25.0,1567289536324
0.0,0.0,12.45,25.0,1567289536426
0.0,0.0,12.45,25.0,1567289536526
0.0,0.0,12.45,25.0,1567289536628
0.0,0.0,12.45,25.0,1567289536730
0.0,0.0,12.45,25.0,1567289536833
0.0,0.0,12.43,25.0,1567289536935
0.0,0.0,12.43,25.0,1567289537034
0.0,0.0,12.43,25.0,1567289537135
0.0,0.0,12.43,25.0,1567289537237
0.0,0.0,12.43,25.0,1567289537339
0.0,0.0,12.43,25.0,1567289537440
0.0,0.0,12.43,25.0,1567289537541
0.0,0.0,12.43,25.0,1567289537643
0.0,0.0,12.43,25.0,1567289537745
0.0,0.0,12.43,25.0,1567289537848
0.0,0.0,12.43,25.0,1567289537947
0.0,0.0,12.43,25.0,1567289538049
0.0,0.0,12.43,25.0,1567289538151
0.0,0.0,12.43,25.0,1567289538252
35.16463851928711,139.6155242919922,12.43,25.0,1567289538254
0.0,0.0,12.43,25.0,1567289538353
0.0,0.0,12.43,25.0,1567289538455
0.0,0.0,12.43,25.0,1567289538556
0.0,0.0,12.43,25.0,1567289538658
0.0,0.0,12.43,25.0,1567289538760
0.0,0.0,12.43,25.0,1567289538863
0.0,0.0,12.43,25.0,1567289538962
0.0,0.0,12.43,25.0,1567289539064
0.0,0.0,12.43,25.0,1567289539165
0.0,0.0,12.43,25.0,1567289539267
0.0,0.0,12.43,25.0,1567289539369
0.0,0.0,12.43,25.0,1567289539469
0.0,0.0,12.4,25.0,1567289539572
0.0,0.0,12.4,25.0,1567289539672
0.0,0.0,12.4,25.0,1567289539774
0.0,0.0,12.4,25.0,1567289539878
0.0,0.0,12.4,25.0,1567289539977
0.0,0.0,12.4,25.0,1567289540079
0.0,0.0,12.43,25.0,1567289540180
0.0,0.0,12.43,25.0,1567289540282
0.0,0.0,12.43,25.0,1567289540383
0.0,0.0,12.43,25.0,1567289540486
0.0,0.0,12.43,25.0,1567289540586
0.0,0.0,12.43,25.0,1567289540687
0.0,0.0,12.43,25.0,1567289540789
0.0,0.0,12.43,25.0,1567289540892
0.0,0.0,12.43,25.0,1567289540992
0.0,0.0,12.43,25.0,1567289541093
0.0,0.0,12.43,25.0,1567289541195
0.0,0.0,12.43,25.0,1567289541296
0.0,0.0,12.43,25.0,1567289541397
0.0,0.0,12.43,25.0,1567289541499
0.0,0.0,12.43,25.0,1567289541601
0.0,0.0,12.43,25.0,1567289541702
35.16468048095703,139.6155242919922,12.43,25.0,1567289541704
0.0,0.0,12.43,25.0,1567289542278
0.0,0.0,12.43,25.0,1567289542326
0.0,0.0,12.43,25.0,1567289542412
0.0,0.0,12.4,25.0,1567289542514
0.0,0.0,12.4,25.0,1567289542617
0.0,0.0,12.4,25.0,1567289542719
0.0,0.0,12.43,25.0,1567289542818
0.0,0.0,12.43,25.0,1567289542923
0.0,0.0,12.43,25.0,1567289543020
0.0,0.0,12.43,25.0,1567289543122
0.0,0.0,12.43,25.0,1567289543223
0.0,0.0,12.43,25.0,1567289543325
0.0,0.0,12.43,25.0,1567289543426
0.0,0.0,12.43,25.0,1567289543528
0.0,0.0,12.43,25.0,1567289543629
0.0,0.0,12.43,25.0,1567289543732
0.0,0.0,12.43,25.0,1567289543832
0.0,0.0,12.43,25.0,1567289543936
0.0,0.0,12.43,25.0,1567289544038
0.0,0.0,12.43,25.0,1567289544137
35.164703369140625,139.6155242919922,12.43,25.0,1567289544138
0.0,0.0,12.43,25.0,1567289544238
0.0,0.0,12.43,25.0,1567289544340
0.0,0.0,12.43,25.0,1567289544445
0.0,0.0,12.43,25.0,1567289544543
0.0,0.0,12.43,25.0,1567289544644
0.0,0.0,12.43,25.0,1567289544746
0.0,0.0,12.43,25.0,1567289544847
0.0,0.0,12.43,25.0,1567289544951
0.0,0.0,12.4,25.0,1567289545050
0.0,0.0,12.4,25.0,1567289545152
0.0,0.0,12.4,25.0,1567289545253
0.0,0.0,12.4,25.0,1567289545354
0.0,0.0,12.4,25.0,1567289545456
0.0,0.0,12.4,25.0,1567289545618
0.0,0.0,12.4,25.0,1567289545660
0.0,0.0,12.4,25.0,1567289545761
0.0,0.0,12.4,25.0,1567289545864
0.0,0.0,12.4,25.0,1567289545968
0.0,0.0,12.4,25.0,1567289546066
0.0,0.0,12.37,25.0,1567289546168
0.0,0.0,12.37,25.0,1567289546269
0.0,0.0,12.37,25.0,1567289546370
0.0,0.0,12.29,25.0,1567289546983
35.16472244262695,139.6155242919922,12.29,25.0,1567289546984
0.0,0.0,12.29,25.0,1567289547081
0.0,0.0,12.29,25.0,1567289547182
0.0,0.0,12.29,25.0,1567289547284
0.0,0.0,12.29,25.0,1567289547385
0.0,0.0,12.26,25.0,1567289547486
0.0,0.0,12.26,25.0,1567289547588
0.0,0.0,12.26,25.0,1567289547690
0.0,0.0,12.23,25.0,1567289547791
0.0,0.0,12.23,25.0,1567289547893
0.0,0.0,12.23,25.0,1567289547997
0.0,0.0,12.21,25.0,1567289548096
0.0,0.0,12.21,25.0,1567289548197
0.0,0.0,12.21,25.0,1567289548298
0.0,0.0,12.18,25.0,1567289548400
0.0,0.0,12.18,25.0,1567289548501
0.0,0.0,12.15,25.0,1567289548603
0.0,0.0,12.15,25.0,1567289548704
0.0,0.0,12.12,25.0,1567289548806
0.0,0.0,12.12,25.0,1567289548907
0.0,0.0,12.1,25.0,1567289549011
0.0,0.0,12.1,25.0,1567289549110
0.0,0.0,12.1,25.0,1567289549211
0.0,0.0,12.1,25.0,1567289549313
35.16476821899414,139.61553955078125,12.1,25.0,1567289549320
0.0,0.0,12.1,25.0,1567289549414
0.0,0.0,12.1,25.0,1567289549516
0.0,0.0,12.07,25.0,1567289549617
0.0,0.0,12.04,25.0,1567289549719
0.0,0.0,12.04,25.0,1567289549820
0.0,0.0,12.07,25.0,1567289549922
0.0,0.0,12.07,25.0,1567289550025
0.0,0.0,12.07,25.0,1567289550125
0.0,0.0,12.04,25.0,1567289550226
0.0,0.0,12.04,25.0,1567289550328
0.0,0.0,12.04,25.0,1567289550431
0.0,0.0,12.01,25.0,1567289550530
0.0,0.0,12.01,25.0,1567289550632
0.0,0.0,12.04,25.0,1567289550738
0.0,0.0,12.04,25.0,1567289551300
0.0,0.0,12.04,25.0,1567289551301
0.0,0.0,12.04,25.0,1567289551301
0.0,0.0,12.04,25.0,1567289551301
0.0,0.0,12.01,25.0,1567289551302
0.0,0.0,12.01,25.0,1567289551343
0.0,0.0,12.04,25.0,1567289551444
0.0,0.0,12.04,25.0,1567289551709
0.0,0.0,12.04,25.0,1567289551710
0.0,0.0,12.04,25.0,1567289551749
35.164791107177734,139.61553955078125,12.04,25.0,1567289551750
0.0,0.0,12.1,25.0,1567289552055
0.0,0.0,12.1,25.0,1567289552278
0.0,0.0,12.07,25.0,1567289552279
0.0,0.0,12.07,25.0,1567289552357
0.0,0.0,12.1,25.0,1567289552569
0.0,0.0,12.1,25.0,1567289552569
0.0,0.0,12.12,25.0,1567289552661
0.0,0.0,12.1,25.0,1567289552853
0.0,0.0,12.12,25.0,1567289552864
0.0,0.0,12.12,25.0,1567289552966
0.0,0.0,12.15,25.0,1567289553147
0.0,0.0,12.15,25.0,1567289553169
0.0,0.0,12.15,25.0,1567289553449
0.0,0.0,12.15,25.0,1567289553450
0.0,0.0,12.18,25.0,1567289553474
0.0,0.0,12.18,25.0,1567289553757
0.0,0.0,12.21,25.0,1567289553757
0.0,0.0,12.21,25.0,1567289553779
0.0,0.0,12.21,25.0,1567289554071
0.0,0.0,12.21,25.0,1567289554072
0.0,0.0,12.21,25.0,1567289554085
0.0,0.0,12.23,25.0,1567289554184
0.0,0.0,12.23,25.0,1567289554373
0.0,0.0,12.23,25.0,1567289554387
0.0,0.0,12.26,25.0,1567289554490
0.0,0.0,12.26,25.0,1567289554676
0.0,0.0,12.26,25.0,1567289554691
0.0,0.0,12.26,25.0,1567289554793
0.0,0.0,12.26,25.0,1567289554894
0.0,0.0,12.26,25.0,1567289554996
0.0,0.0,12.26,25.0,1567289555099
35.164833068847656,139.6155548095703,12.26,25.0,1567289555100
0.0,0.0,12.26,25.0,1567289555199
0.0,0.0,12.26,25.0,1567289555300
0.0,0.0,12.26,25.0,1567289555402
0.0,0.0,12.26,25.0,1567289555503
0.0,0.0,12.26,25.0,1567289555604
0.0,0.0,12.26,25.0,1567289555706
0.0,0.0,12.23,25.0,1567289555858
0.0,0.0,12.23,25.0,1567289555909
0.0,0.0,12.23,25.0,1567289556010
0.0,0.0,12.23,25.0,1567289556114
0.0,0.0,12.21,25.0,1567289556638
0.0,0.0,12.21,25.0,1567289556647
0.0,0.0,12.21,25.0,1567289556650
