0.0,0.0,4.183,24.6,1631398419442
0.0,0.0,4.183,24.6,1631398419519
0.0,0.0,4.183,24.6,1631398419596
0.0,0.0,4.183,24.6,1631398419722
0.0,0.0,4.183,24.6,1631398419793
0.0,0.0,4.183,24.6,1631398419868
0.0,0.0,4.183,24.6,1631398419934
0.0,0.0,4.183,24.6,1631398420003
0.0,0.0,4.183,24.6,1631398420076
0.0,0.0,4.183,24.6,1631398420144
0.0,0.0,4.183,24.6,1631398420213
0.0,0.0,4.183,24.6,1631398420356
0.0,0.0,4.183,24.6,1631398420433
0.0,0.0,4.183,24.6,1631398420493
0.0,0.0,4.183,24.6,1631398420562
0.0,0.0,4.173,24.6,1631398420632
0.0,0.0,4.173,24.6,1631398420702
0.0,0.0,4.173,24.6,1631398420771
0.0,0.0,4.162,24.6,1631398420842
0.0,0.0,4.162,24.6,1631398420912
0.0,0.0,4.162,24.6,1631398420981
0.0,0.0,4.162,24.6,1631398421052
0.0,0.0,4.162,24.6,1631398421122
0.0,0.0,4.162,24.6,1631398421191
0.0,0.0,4.162,24.6,1631398421261
0.0,0.0,4.152,24.6,1631398421332
0.0,0.0,4.152,24.6,1631398421404
0.0,0.0,4.152,24.6,1631398421472
0.0,0.0,4.152,24.6,1631398421542
0.0,0.0,4.152,24.6,1631398421613
0.0,0.0,4.152,24.6,1631398422219
0.0,0.0,4.152,24.6,1631398422231
0.0,0.0,4.152,24.6,1631398422244
0.0,0.0,4.152,24.6,1631398422255
0.0,0.0,4.152,24.6,1631398422259
0.0,0.0,4.152,24.6,1631398422262
0.0,0.0,4.141,24.6,1631398422267
0.0,0.0,4.141,24.6,1631398422312
0.0,0.0,4.141,24.6,1631398422381
0.0,0.0,4.141,24.6,1631398422451
0.0,0.0,4.141,24.6,1631398422522
0.0,0.0,4.141,24.6,1631398422593
0.0,0.0,4.141,24.6,1631398422662
0.0,0.0,4.131,24.6,1631398422731
0.0,0.0,4.141,24.6,1631398422801
0.0,0.0,4.131,24.6,1631398422872
0.0,0.0,4.131,24.6,1631398422941
0.0,0.0,4.131,24.6,1631398423011
0.0,0.0,4.131,24.6,1631398423084
0.0,0.0,4.131,24.6,1631398423152
0.0,0.0,4.141,24.6,1631398423221
0.0,0.0,4.141,24.6,1631398423291
0.0,0.0,4.141,24.6,1631398423361
0.0,0.0,4.141,24.6,1631398423431
0.0,0.0,4.141,24.6,1631398423502
0.0,0.0,4.141,24.6,1631398423572
0.0,0.0,4.141,24.6,1631398423654
0.0,0.0,4.141,24.6,1631398423712
0.0,0.0,4.141,24.6,1631398423781
0.0,0.0,4.141,24.6,1631398423851
0.0,0.0,4.141,24.6,1631398423921
0.0,0.0,4.141,24.6,1631398423991
0.0,0.0,4.141,24.6,1631398424166
0.0,0.0,4.152,24.6,1631398424170
0.0,0.0,4.152,24.6,1631398424274
0.0,0.0,4.152,24.6,1631398424341
0.0,0.0,4.152,24.6,1631398424412
0.0,0.0,4.152,24.6,1631398424486
0.0,0.0,4.152,24.6,1631398424551
0.0,0.0,4.152,24.6,1631398424623
0.0,0.0,4.152,24.6,1631398424691
0.0,0.0,4.162,24.6,1631398424761
0.0,0.0,4.162,24.6,1631398424831
0.0,0.0,4.162,24.6,1631398424901
0.0,0.0,4.162,24.6,1631398424971
0.0,0.0,4.162,24.6,1631398425041
0.0,0.0,4.162,24.6,1631398425111
0.0,0.0,4.162,24.6,1631398425251
0.0,0.0,4.162,24.6,1631398425321
0.0,0.0,4.162,24.6,1631398425392
0.0,0.0,4.173,24.6,1631398425461
0.0,0.0,4.173,24.6,1631398425531
0.0,0.0,4.173,24.6,1631398425601
0.0,0.0,4.173,24.6,1631398425672
0.0,0.0,4.173,24.6,1631398425742
0.0,0.0,4.173,24.6,1631398425811
0.0,0.0,4.173,24.6,1631398425881
0.0,0.0,4.173,24.6,1631398425952
0.0,0.0,4.173,24.6,1631398426022
0.0,0.0,4.173,24.6,1631398426091
0.0,0.0,4.173,24.6,1631398426162
0.0,0.0,4.173,24.6,1631398426231
0.0,0.0,4.173,24.6,1631398426301
0.0,0.0,4.183,24.6,1631398426374
0.0,0.0,4.183,24.6,1631398426442
0.0,0.0,4.183,24.6,1631398426511
0.0,0.0,4.183,24.6,1631398426581
0.0,0.0,4.183,24.6,1631398426651
0.0,0.0,4.183,24.6,1631398427238
0.0,0.0,4.194,24.6,1631398427248
0.0,0.0,4.194,24.6,1631398427253
0.0,0.0,4.194,24.6,1631398427258
0.0,0.0,4.194,24.6,1631398427264
0.0,0.0,4.183,24.6,1631398427274
0.0,0.0,4.183,24.6,1631398427289
0.0,0.0,4.183,24.6,1631398427357
0.0,0.0,4.183,24.6,1631398427425
0.0,0.0,4.183,24.6,1631398427491
0.0,0.0,4.183,24.6,1631398427561
0.0,0.0,4.183,24.6,1631398427634
0.0,0.0,4.194,24.6,1631398427701
0.0,0.0,4.194,24.6,1631398427841
0.0,0.0,4.194,24.6,1631398427911
0.0,0.0,4.183,24.6,1631398427981
0.0,0.0,4.183,24.6,1631398428057
0.0,0.0,4.194,24.6,1631398428121
0.0,0.0,4.183,24.6,1631398428192
0.0,0.0,4.183,24.6,1631398428261
0.0,0.0,4.183,24.6,1631398428331
0.0,0.0,4.183,24.6,1631398428401
0.0,0.0,4.194,24.6,1631398428471
0.0,0.0,4.194,24.6,1631398428541
0.0,0.0,4.194,24.6,1631398428611
0.0,0.0,4.194,24.6,1631398428681
0.0,0.0,4.194,24.6,1631398428751
0.0,0.0,4.194,24.6,1631398428821
0.0,0.0,4.183,24.6,1631398428893
0.0,0.0,4.194,24.6,1631398428962
0.0,0.0,4.183,24.6,1631398429032
0.0,0.0,4.183,24.6,1631398429102
0.0,0.0,4.183,24.6,1631398429171
0.0,0.0,4.183,24.6,1631398429241
0.0,0.0,4.183,24.6,1631398429311
0.0,0.0,4.183,24.6,1631398429381
0.0,0.0,4.183,24.6,1631398429521
0.0,0.0,4.183,24.6,1631398429591
0.0,0.0,4.183,24.6,1631398429661
0.0,0.0,4.183,24.6,1631398429731
0.0,0.0,4.183,24.6,1631398429801
0.0,0.0,4.183,24.6,1631398429871
0.0,0.0,4.183,24.6,1631398429942
0.0,0.0,4.183,24.6,1631398430011
0.0,0.0,4.173,24.6,1631398430081
0.0,0.0,4.173,24.6,1631398430151
0.0,0.0,4.173,24.6,1631398430221
0.0,0.0,4.173,24.6,1631398430312
0.0,0.0,4.173,24.6,1631398430367
0.0,0.0,4.173,24.6,1631398430433
0.0,0.0,4.173,24.6,1631398430502
0.0,0.0,4.173,24.6,1631398430574
0.0,0.0,4.173,24.6,1631398430643
0.0,0.0,4.173,24.6,1631398430781
0.0,0.0,4.162,24.6,1631398430851
0.0,0.0,4.162,24.6,1631398431027
0.0,0.0,4.162,24.6,1631398431030
0.0,0.0,4.162,24.6,1631398431062
0.0,0.0,4.162,24.6,1631398431131
0.0,0.0,4.162,24.6,1631398431201
0.0,0.0,4.162,24.6,1631398431271
0.0,0.0,4.162,24.6,1631398431341
0.0,0.0,4.162,24.6,1631398431411
0.0,0.0,4.162,24.6,1631398431481
0.0,0.0,4.162,24.6,1631398432256
0.0,0.0,4.162,24.6,1631398432264
0.0,0.0,4.162,24.6,1631398432267
0.0,0.0,4.162,24.6,1631398432277
0.0,0.0,4.152,24.6,1631398432285
0.0,0.0,4.152,24.6,1631398432290
0.0,0.0,4.152,24.6,1631398432306
0.0,0.0,4.152,24.6,1631398432314
0.0,0.0,4.152,24.6,1631398432327
0.0,0.0,4.152,24.6,1631398432391
0.0,0.0,4.152,24.6,1631398432462
0.0,0.0,4.152,24.6,1631398432534
0.0,0.0,4.152,24.6,1631398432601
0.0,0.0,4.152,24.6,1631398432671
0.0,0.0,4.152,24.6,1631398432741
0.0,0.0,4.152,24.6,1631398432811
0.0,0.0,4.152,24.6,1631398432881
0.0,0.0,4.152,24.6,1631398432951
0.0,0.0,4.152,24.6,1631398433021
0.0,0.0,4.162,24.6,1631398433091
0.0,0.0,4.162,24.6,1631398433161
0.0,0.0,4.162,24.6,1631398433231
0.0,0.0,4.152,24.6,1631398433371
0.0,0.0,4.152,24.6,1631398433441
0.0,0.0,4.152,24.6,1631398433511
0.0,0.0,4.152,24.6,1631398433597
0.0,0.0,4.152,24.6,1631398433655
0.0,0.0,4.152,24.6,1631398433721
0.0,0.0,4.152,24.6,1631398433791
0.0,0.0,4.152,24.6,1631398433861
0.0,0.0,4.152,24.6,1631398433931
0.0,0.0,4.162,24.6,1631398434075
0.0,0.0,4.162,24.6,1631398434211
0.0,0.0,4.162,24.6,1631398434280
0.0,0.0,4.162,24.6,1631398434351
0.0,0.0,4.162,24.6,1631398434421
0.0,0.0,4.162,24.6,1631398434508
0.0,0.0,4.162,24.6,1631398434561
0.0,0.0,4.162,24.6,1631398434631
0.0,0.0,4.173,24.6,1631398434703
0.0,0.0,4.173,24.6,1631398434771
0.0,0.0,4.173,24.6,1631398434842
0.0,0.0,4.173,24.6,1631398434918
0.0,0.0,4.183,24.6,1631398434982
0.0,0.0,4.183,24.6,1631398435051
0.0,0.0,4.183,24.6,1631398435121
0.0,0.0,4.183,24.6,1631398435191
0.0,0.0,4.183,24.6,1631398435331
0.0,0.0,4.183,24.6,1631398435401
0.0,0.0,4.183,24.6,1631398435471
0.0,0.0,4.183,24.6,1631398435541
0.0,0.0,4.183,24.6,1631398435611
0.0,0.0,4.183,24.6,1631398435682
0.0,0.0,4.183,24.6,1631398435760
0.0,0.0,4.183,24.6,1631398435822
0.0,0.0,4.194,24.6,1631398435891
0.0,0.0,4.194,24.6,1631398435961
0.0,0.0,4.194,24.6,1631398436031
0.0,0.0,4.194,24.6,1631398436101
0.0,0.0,4.194,24.6,1631398436241
0.0,0.0,4.194,24.6,1631398436311
0.0,0.0,4.194,24.6,1631398436382
0.0,0.0,4.194,24.8,1631398436451
0.0,0.0,4.194,24.8,1631398436521
0.0,0.0,4.194,24.8,1631398436595
0.0,0.0,4.194,24.8,1631398437176
0.0,0.0,4.194,24.8,1631398437184
0.0,0.0,4.183,24.8,1631398437188
0.0,0.0,4.194,24.8,1631398437193
0.0,0.0,4.194,24.8,1631398437203
0.0,0.0,4.183,24.8,1631398437208
0.0,0.0,4.183,24.8,1631398437214
0.0,0.0,4.194,24.8,1631398437225
0.0,0.0,4.183,24.8,1631398437291
0.0,0.0,4.183,24.8,1631398437361
0.0,0.0,4.183,24.8,1631398437432
0.0,0.0,4.194,24.8,1631398437501
0.0,0.0,4.194,24.8,1631398437571
0.0,0.0,4.183,24.8,1631398437711
0.0,0.0,4.183,24.8,1631398437783
0.0,0.0,4.183,24.8,1631398437852
0.0,0.0,4.194,24.8,1631398437925
0.0,0.0,4.183,24.8,1631398437993
0.0,0.0,4.183,24.8,1631398438062
0.0,0.0,4.183,24.8,1631398438131
0.0,0.0,4.183,24.8,1631398438201
0.0,0.0,4.183,24.8,1631398438271
0.0,0.0,4.183,24.8,1631398438341
0.0,0.0,4.183,24.8,1631398438411
0.0,0.0,4.183,24.8,1631398438481
0.0,0.0,4.183,24.8,1631398438551
0.0,0.0,4.183,24.8,1631398438621
0.0,0.0,4.183,24.8,1631398438690
0.0,0.0,4.183,24.8,1631398438761
0.0,0.0,4.183,24.8,1631398438831
0.0,0.0,4.183,24.8,1631398438902
0.0,0.0,4.183,24.8,1631398439041
0.0,0.0,4.183,24.8,1631398439113
0.0,0.0,4.183,24.8,1631398439181
0.0,0.0,4.183,24.8,1631398439253
0.0,0.0,4.183,24.8,1631398439324
0.0,0.0,4.183,24.8,1631398439392
0.0,0.0,4.183,24.8,1631398439462
0.0,0.0,4.183,24.8,1631398439532
0.0,0.0,4.183,24.8,1631398439601
0.0,0.0,4.183,24.8,1631398439671
0.0,0.0,4.183,24.8,1631398439741
0.0,0.0,4.183,24.8,1631398439811
0.0,0.0,4.183,24.8,1631398439881
0.0,0.0,4.183,24.8,1631398439951
0.0,0.0,4.183,24.8,1631398440028
0.0,0.0,4.173,24.8,1631398440161
0.0,0.0,4.173,24.8,1631398440231
0.0,0.0,4.173,24.8,1631398440301
0.0,0.0,4.173,24.8,1631398440371
0.0,0.0,4.173,24.8,1631398440441
0.0,0.0,4.173,24.8,1631398440511
0.0,0.0,4.173,24.8,1631398440651
0.0,0.0,4.173,24.8,1631398440721
0.0,0.0,4.173,24.8,1631398440791
0.0,0.0,4.173,24.8,1631398440870
0.0,0.0,4.173,24.8,1631398440939
0.0,0.0,4.173,24.8,1631398441004
0.0,0.0,4.173,24.8,1631398441074
0.0,0.0,4.173,24.8,1631398441143
0.0,0.0,4.173,24.8,1631398441211
0.0,0.0,4.173,24.8,1631398441281
0.0,0.0,4.173,24.8,1631398441351
0.0,0.0,4.173,24.8,1631398441421
0.0,0.0,4.173,24.8,1631398441491
0.0,0.0,4.173,24.8,1631398441561
0.0,0.0,4.173,24.8,1631398441631
0.0,0.0,4.173,24.8,1631398442218
0.0,0.0,4.173,24.8,1631398442221
0.0,0.0,4.173,24.8,1631398442227
0.0,0.0,4.173,24.8,1631398442231
0.0,0.0,4.173,24.8,1631398442234
0.0,0.0,4.173,24.8,1631398442240
0.0,0.0,4.173,24.8,1631398442265
0.0,0.0,4.162,24.8,1631398442331
0.0,0.0,4.162,24.8,1631398442402
0.0,0.0,4.162,24.8,1631398442472
0.0,0.0,4.162,24.8,1631398442542
0.0,0.0,4.173,24.8,1631398442612
0.0,0.0,4.173,24.8,1631398442681
0.0,0.0,4.173,24.8,1631398442750
0.0,0.0,4.173,24.8,1631398442821
0.0,0.0,4.173,24.8,1631398442890
0.0,0.0,4.173,24.8,1631398442961
0.0,0.0,4.173,24.8,1631398443031
0.0,0.0,4.173,24.8,1631398443102
0.0,0.0,4.173,24.8,1631398443170
0.0,0.0,4.183,24.8,1631398443241
0.0,0.0,4.183,24.8,1631398443312
0.0,0.0,4.183,24.8,1631398443417
0.0,0.0,4.183,24.8,1631398443453
0.0,0.0,4.183,24.8,1631398443526
0.0,0.0,4.183,24.8,1631398443591
0.0,0.0,4.183,24.8,1631398443661
0.0,0.0,4.183,24.8,1631398443731
0.0,0.0,4.183,24.8,1631398443801
0.0,0.0,4.183,24.8,1631398443871
0.0,0.0,4.183,24.8,1631398443941
0.0,0.0,4.183,24.8,1631398444010
0.0,0.0,4.183,24.8,1631398444083
0.0,0.0,4.183,24.8,1631398444154
0.0,0.0,4.183,24.8,1631398444223
0.0,0.0,4.183,24.8,1631398444296
0.0,0.0,4.183,24.8,1631398444361
0.0,0.0,4.183,24.8,1631398444441
0.0,0.0,4.183,24.8,1631398444502
0.0,0.0,4.183,24.8,1631398444571
0.0,0.0,4.183,24.8,1631398444641
0.0,0.0,4.183,24.8,1631398444713
0.0,0.0,4.194,24.8,1631398444781
0.0,0.0,4.194,24.8,1631398444953
0.0,0.0,4.194,24.8,1631398444958
0.0,0.0,4.194,24.8,1631398444992
0.0,0.0,4.204,24.8,1631398445061
0.0,0.0,4.204,24.8,1631398445132
0.0,0.0,4.204,24.8,1631398445201
0.0,0.0,4.204,24.8,1631398445273
0.0,0.0,4.204,24.8,1631398445341
0.0,0.0,4.204,24.8,1631398445413
0.0,0.0,4.204,24.8,1631398445482
0.0,0.0,4.204,24.8,1631398445551
0.0,0.0,4.204,24.8,1631398445622
0.0,0.0,4.214,24.8,1631398445692
0.0,0.0,4.214,24.8,1631398445763
0.0,0.0,4.214,24.8,1631398445832
0.0,0.0,4.214,24.8,1631398445902
0.0,0.0,4.214,24.8,1631398445971
0.0,0.0,4.214,24.8,1631398446042
0.0,0.0,4.214,24.8,1631398446112
0.0,0.0,4.214,24.8,1631398446184
0.0,0.0,4.225,24.8,1631398446254
0.0,0.0,4.225,24.8,1631398446323
0.0,0.0,4.225,24.8,1631398446394
0.0,0.0,4.225,24.8,1631398446463
0.0,0.0,4.225,24.8,1631398446532
0.0,0.0,4.225,24.8,1631398446602
0.0,0.0,4.225,24.8,1631398447203
0.0,0.0,4.225,24.8,1631398447220
0.0,0.0,4.214,24.8,1631398447225
0.0,0.0,4.214,24.8,1631398447228
0.0,0.0,4.214,24.8,1631398447234
0.0,0.0,4.204,24.8,1631398447242
0.0,0.0,4.194,24.8,1631398447247
0.0,0.0,4.194,24.8,1631398447305
0.0,0.0,4.183,24.8,1631398447371
0.0,0.0,4.183,24.8,1631398447441
0.0,0.0,4.183,24.8,1631398447513
0.0,0.0,4.183,24.8,1631398447583
0.0,0.0,4.173,24.8,1631398447652
0.0,0.0,4.183,24.8,1631398447722
0.0,0.0,4.173,24.8,1631398447792
0.0,0.0,4.173,24.8,1631398447861
0.0,0.0,4.162,24.8,1631398447931
0.0,0.0,4.162,24.8,1631398448001
0.0,0.0,4.141,24.8,1631398448073
0.0,0.0,4.141,24.8,1631398448141
0.0,0.0,4.121,24.8,1631398448213
0.0,0.0,4.121,24.8,1631398448282
35.162540435791016,139.61505126953125,4.121,24.8,1631398448282
0.0,0.0,4.121,24.8,1631398448353
0.0,0.0,4.121,24.6,1631398448422
0.0,0.0,4.121,24.6,1631398448493
0.0,0.0,4.121,24.6,1631398448577
0.0,0.0,4.11,24.6,1631398448644
0.0,0.0,4.11,24.6,1631398448703
0.0,0.0,4.1,24.6,1631398448773
0.0,0.0,4.089,24.6,1631398448843
0.0,0.0,4.089,24.6,1631398448913
0.0,0.0,4.089,24.6,1631398448982
0.0,0.0,4.079,24.6,1631398449054
0.0,0.0,4.079,24.6,1631398449123
0.0,0.0,4.069,24.6,1631398449192
0.0,0.0,4.069,24.6,1631398449263
35.162540435791016,139.6150360107422,4.069,24.6,1631398449263
0.0,0.0,4.048,24.6,1631398449345
0.0,0.0,4.037,24.6,1631398449406
0.0,0.0,4.037,24.6,1631398449505
0.0,0.0,4.027,24.6,1631398449555
0.0,0.0,4.017,24.6,1631398449620
0.0,0.0,4.017,24.6,1631398449683
0.0,0.0,4.017,24.6,1631398449758
0.0,0.0,3.996,24.6,1631398449823
0.0,0.0,3.996,24.6,1631398449892
0.0,0.0,3.985,24.6,1631398449962
0.0,0.0,3.985,24.6,1631398450029
0.0,0.0,3.965,24.6,1631398450099
0.0,0.0,3.954,24.6,1631398450169
0.0,0.0,3.944,24.6,1631398450239
0.0,0.0,3.944,24.6,1631398450310
0.0,0.0,3.944,24.6,1631398450504
0.0,0.0,3.954,24.6,1631398450510
0.0,0.0,3.954,24.6,1631398450519
0.0,0.0,3.954,24.6,1631398450590
0.0,0.0,3.944,24.6,1631398450794
0.0,0.0,3.954,24.6,1631398450800
0.0,0.0,3.944,24.6,1631398450809
0.0,0.0,3.944,24.6,1631398450869
0.0,0.0,3.944,24.6,1631398451101
35.16254806518555,139.61502075195312,3.944,24.6,1631398451101
0.0,0.0,3.944,24.6,1631398451105
0.0,0.0,3.933,24.6,1631398451125
0.0,0.0,3.933,24.6,1631398451406
0.0,0.0,3.944,24.6,1631398451433
0.0,0.0,3.954,24.6,1631398451447
0.0,0.0,3.965,24.6,1631398451455
0.0,0.0,3.965,24.8,1631398451499
0.0,0.0,3.965,24.8,1631398452291
35.16255569458008,139.61500549316406,3.965,24.8,1631398452291
0.0,0.0,3.996,24.8,1631398452320
0.0,0.0,4.006,24.8,1631398452334
0.0,0.0,4.006,24.8,1631398452337
0.0,0.0,4.006,24.8,1631398452341
0.0,0.0,4.027,24.8,1631398452344
0.0,0.0,4.017,24.8,1631398452348
0.0,0.0,4.017,24.8,1631398452361
0.0,0.0,4.027,24.8,1631398452595
0.0,0.0,4.037,24.8,1631398452601
0.0,0.0,4.037,24.8,1631398452605
0.0,0.0,4.037,24.8,1631398452623
0.0,0.0,4.058,24.8,1631398452691
0.0,0.0,4.069,24.8,1631398452907
0.0,0.0,4.069,24.8,1631398452918
0.0,0.0,4.089,24.8,1631398452925
0.0,0.0,4.089,24.8,1631398452970
35.16256332397461,139.614990234375,4.089,24.8,1631398452970
0.0,0.0,4.089,24.8,1631398453208
0.0,0.0,4.089,24.8,1631398453219
0.0,0.0,4.089,24.8,1631398453234
0.0,0.0,4.089,24.8,1631398453252
0.0,0.0,4.089,24.8,1631398453323
0.0,0.0,4.089,24.8,1631398453516
0.0,0.0,4.089,24.8,1631398453521
0.0,0.0,4.089,24.8,1631398453532
0.0,0.0,4.089,24.8,1631398453601
0.0,0.0,4.1,24.8,1631398453670
0.0,0.0,4.1,24.8,1631398453743
0.0,0.0,4.1,24.8,1631398453813
0.0,0.0,4.1,24.8,1631398453950
0.0,0.0,4.1,24.8,1631398454032
35.16257095336914,139.61497497558594,4.1,24.8,1631398454032
0.0,0.0,4.1,24.8,1631398454091
0.0,0.0,4.1,24.8,1631398454160
0.0,0.0,4.11,24.8,1631398454231
0.0,0.0,4.1,24.8,1631398454303
0.0,0.0,4.11,24.8,1631398454372
0.0,0.0,4.11,24.8,1631398454440
0.0,0.0,4.11,24.8,1631398454514
0.0,0.0,4.121,24.8,1631398454581
0.0,0.0,4.131,24.8,1631398454652
0.0,0.0,4.131,24.8,1631398454721
0.0,0.0,4.131,24.8,1631398454791
0.0,0.0,4.131,24.8,1631398454860
0.0,0.0,4.131,24.8,1631398454930
0.0,0.0,4.131,24.8,1631398455010
35.162574768066406,139.61497497558594,4.131,24.8,1631398455010
0.0,0.0,4.141,24.8,1631398455070
0.0,0.0,4.141,24.8,1631398455141
0.0,0.0,4.152,24.8,1631398455216
0.0,0.0,4.152,24.8,1631398455280
0.0,0.0,4.152,24.8,1631398455351
0.0,0.0,4.152,24.8,1631398455420
0.0,0.0,4.162,24.8,1631398455490
0.0,0.0,4.162,24.8,1631398455560
0.0,0.0,4.162,24.8,1631398455635
0.0,0.0,4.162,24.8,1631398455704
0.0,0.0,4.173,24.8,1631398455772
0.0,0.0,4.173,24.8,1631398455841
0.0,0.0,4.173,24.8,1631398455912
0.0,0.0,4.173,24.8,1631398455979
35.16258239746094,139.61495971679688,4.173,24.8,1631398455979
0.0,0.0,4.183,24.8,1631398456116
0.0,0.0,4.183,24.8,1631398456127
0.0,0.0,4.183,24.8,1631398456190
0.0,0.0,4.183,24.8,1631398456260
0.0,0.0,4.183,24.8,1631398456335
0.0,0.0,4.183,24.8,1631398456400
0.0,0.0,4.183,24.8,1631398456470
0.0,0.0,4.183,24.8,1631398456541
0.0,0.0,4.183,24.8,1631398456618
0.0,0.0,4.183,24.8,1631398457242
35.16259002685547,139.6149444580078,4.183,24.8,1631398457242
0.0,0.0,4.183,24.8,1631398457261
0.0,0.0,4.183,24.8,1631398457267
0.0,0.0,4.183,24.8,1631398457274
0.0,0.0,4.183,24.8,1631398457283
0.0,0.0,4.183,24.8,1631398457288
0.0,0.0,4.183,24.8,1631398457293
0.0,0.0,4.183,24.8,1631398457296
0.0,0.0,4.183,24.8,1631398457310
0.0,0.0,4.183,24.8,1631398457384
0.0,0.0,4.183,24.8,1631398457450
0.0,0.0,4.183,24.8,1631398457526
0.0,0.0,4.183,24.8,1631398457590
0.0,0.0,4.183,24.8,1631398457659
0.0,0.0,4.194,24.8,1631398457738
0.0,0.0,4.194,24.8,1631398457806
0.0,0.0,4.194,24.8,1631398457871
0.0,0.0,4.194,24.8,1631398457947
0.0,0.0,4.194,24.8,1631398458021
35.16259765625,139.6149444580078,4.194,24.8,1631398458021
0.0,0.0,4.194,24.8,1631398458081
0.0,0.0,4.204,24.8,1631398458151
0.0,0.0,4.204,24.8,1631398458222
0.0,0.0,4.204,24.8,1631398458290
0.0,0.0,4.204,24.8,1631398458360
0.0,0.0,4.204,24.8,1631398458431
0.0,0.0,4.204,24.8,1631398458513
0.0,0.0,4.204,24.8,1631398458570
0.0,0.0,4.204,24.8,1631398458642
0.0,0.0,4.204,24.8,1631398458710
0.0,0.0,4.194,24.8,1631398458780
0.0,0.0,4.194,24.8,1631398458851
0.0,0.0,4.204,24.8,1631398458924
0.0,0.0,4.204,24.8,1631398458991
35.16260528564453,139.61492919921875,4.204,24.8,1631398458991
0.0,0.0,4.204,24.8,1631398459070
0.0,0.0,4.214,24.8,1631398459131
0.0,0.0,4.214,24.8,1631398459200
0.0,0.0,4.214,24.8,1631398459282
0.0,0.0,4.204,24.8,1631398459340
0.0,0.0,4.214,24.8,1631398459410
0.0,0.0,4.204,24.8,1631398459500
0.0,0.0,4.204,24.8,1631398459550
0.0,0.0,4.204,24.8,1631398459620
0.0,0.0,4.204,24.8,1631398459690
0.0,0.0,4.214,24.8,1631398459761
0.0,0.0,4.204,24.8,1631398459830
0.0,0.0,4.214,24.8,1631398459901
0.0,0.0,4.204,24.8,1631398459972
35.16261291503906,139.61492919921875,4.204,24.8,1631398459972
0.0,0.0,4.194,24.8,1631398460044
0.0,0.0,4.194,24.8,1631398460111
0.0,0.0,4.194,24.8,1631398460182
0.0,0.0,4.194,24.8,1631398460251
0.0,0.0,4.194,24.8,1631398460320
0.0,0.0,4.194,24.8,1631398460394
0.0,0.0,4.183,24.8,1631398460462
0.0,0.0,4.183,24.8,1631398460532
0.0,0.0,4.194,24.8,1631398460600
0.0,0.0,4.194,24.8,1631398460670
0.0,0.0,4.194,24.8,1631398460740
0.0,0.0,4.204,24.8,1631398460813
0.0,0.0,4.204,24.8,1631398460879
0.0,0.0,4.204,24.8,1631398460949
0.0,0.0,4.204,24.8,1631398461040
35.162620544433594,139.6149139404297,4.204,24.8,1631398461040
0.0,0.0,4.204,24.8,1631398461091
0.0,0.0,4.204,24.8,1631398461162
0.0,0.0,4.204,24.8,1631398461233
0.0,0.0,4.204,24.8,1631398461303
0.0,0.0,4.204,24.8,1631398461373
0.0,0.0,4.204,24.8,1631398461442
0.0,0.0,4.204,24.8,1631398461511
0.0,0.0,4.204,24.8,1631398461581
0.0,0.0,4.214,24.8,1631398461650
0.0,0.0,4.214,24.8,1631398462160
35.162628173828125,139.61489868164062,4.214,24.8,1631398462160
0.0,0.0,4.214,24.8,1631398462270
0.0,0.0,4.225,24.8,1631398462277
0.0,0.0,4.225,24.8,1631398462283
0.0,0.0,4.225,24.8,1631398462287
0.0,0.0,4.225,24.8,1631398462295
0.0,0.0,4.225,24.8,1631398462298
0.0,0.0,4.225,24.8,1631398462350
0.0,0.0,4.225,24.8,1631398462420
0.0,0.0,4.225,24.8,1631398462490
0.0,0.0,4.225,24.8,1631398462563
0.0,0.0,4.225,24.8,1631398462630
0.0,0.0,4.235,24.8,1631398462700
0.0,0.0,4.235,24.8,1631398462771
0.0,0.0,4.235,24.8,1631398462840
0.0,0.0,4.235,24.8,1631398462910
0.0,0.0,4.235,24.8,1631398462986
35.16263961791992,139.61489868164062,4.235,24.8,1631398462986
0.0,0.0,4.235,24.8,1631398463056
0.0,0.0,4.235,24.8,1631398463120
0.0,0.0,4.235,24.8,1631398463191
0.0,0.0,4.235,24.8,1631398463271
0.0,0.0,4.246,24.8,1631398463330
0.0,0.0,4.256,24.8,1631398463400
0.0,0.0,4.256,24.8,1631398463485
0.0,0.0,4.256,24.8,1631398463542
0.0,0.0,4.266,24.8,1631398463610
0.0,0.0,4.266,24.8,1631398463750
0.0,0.0,4.266,24.8,1631398463820
0.0,0.0,4.277,24.8,1631398463890
0.0,0.0,4.277,24.8,1631398463960
0.0,0.0,4.287,24.8,1631398464042
35.16264724731445,139.61488342285156,4.287,24.8,1631398464042
0.0,0.0,4.287,24.8,1631398464205
0.0,0.0,4.287,24.8,1631398464209
0.0,0.0,4.287,24.8,1631398464247
0.0,0.0,4.287,24.8,1631398464322
0.0,0.0,4.287,24.8,1631398464380
0.0,0.0,4.287,24.8,1631398464450
0.0,0.0,4.298,24.8,1631398464521
0.0,0.0,4.298,24.8,1631398464590
0.0,0.0,4.298,24.8,1631398464661
0.0,0.0,4.298,24.8,1631398464731
0.0,0.0,4.308,24.8,1631398464800
0.0,0.0,4.308,24.8,1631398464871
0.0,0.0,4.308,24.8,1631398464939
0.0,0.0,4.308,24.8,1631398465020
35.162654876708984,139.61488342285156,4.308,24.8,1631398465020
0.0,0.0,4.308,24.8,1631398465083
0.0,0.0,4.318,24.8,1631398465160
0.0,0.0,4.329,24.8,1631398465230
0.0,0.0,4.329,24.8,1631398465294
0.0,0.0,4.329,24.8,1631398465361
0.0,0.0,4.329,24.8,1631398465434
0.0,0.0,4.329,24.8,1631398465500
0.0,0.0,4.329,24.8,1631398465575
0.0,0.0,4.329,24.8,1631398465641
0.0,0.0,4.318,24.8,1631398465712
0.0,0.0,4.329,24.8,1631398465780
0.0,0.0,4.318,24.8,1631398465852
0.0,0.0,4.329,24.8,1631398465923
0.0,0.0,4.318,24.8,1631398465991
35.16266632080078,139.6148681640625,4.318,24.8,1631398465991
0.0,0.0,4.318,24.8,1631398466062
0.0,0.0,4.318,24.8,1631398466132
0.0,0.0,4.318,24.8,1631398466202
0.0,0.0,4.318,24.8,1631398466274
0.0,0.0,4.318,24.8,1631398466342
0.0,0.0,4.318,24.8,1631398466411
0.0,0.0,4.318,24.8,1631398466485
0.0,0.0,4.329,24.8,1631398466551
0.0,0.0,4.329,24.8,1631398466619
0.0,0.0,4.329,24.8,1631398467192
35.16267395019531,139.6148681640625,4.329,24.8,1631398467192
0.0,0.0,4.329,24.8,1631398467208
0.0,0.0,4.329,24.8,1631398467232
0.0,0.0,4.329,24.8,1631398467240
0.0,0.0,4.339,24.8,1631398467247
0.0,0.0,4.339,24.8,1631398467255
0.0,0.0,4.35,24.8,1631398467266
0.0,0.0,4.35,24.8,1631398467270
0.0,0.0,4.35,24.8,1631398467323
0.0,0.0,4.35,24.8,1631398467459
0.0,0.0,4.36,24.8,1631398467530
0.0,0.0,4.35,24.8,1631398467600
0.0,0.0,4.35,24.8,1631398467670
0.0,0.0,4.35,24.8,1631398467746
0.0,0.0,4.35,24.8,1631398467810
0.0,0.0,4.35,24.8,1631398467880
0.0,0.0,4.35,24.8,1631398467950
0.0,0.0,4.35,24.8,1631398468021
35.162681579589844,139.61485290527344,4.35,24.8,1631398468021
0.0,0.0,4.35,24.8,1631398468097
0.0,0.0,4.36,24.8,1631398468160
0.0,0.0,4.36,24.8,1631398468230
0.0,0.0,4.35,24.8,1631398468300
0.0,0.0,4.36,24.8,1631398468372
0.0,0.0,4.36,24.8,1631398468442
0.0,0.0,4.36,24.8,1631398468512
0.0,0.0,4.36,24.8,1631398468655
0.0,0.0,4.36,24.8,1631398468721
0.0,0.0,4.36,24.8,1631398468790
0.0,0.0,4.37,24.8,1631398468860
0.0,0.0,4.37,24.8,1631398468930
0.0,0.0,4.37,24.8,1631398469001
35.16269302368164,139.61485290527344,4.37,24.8,1631398469001
0.0,0.0,4.36,24.8,1631398469071
0.0,0.0,4.37,24.8,1631398469140
0.0,0.0,4.37,24.8,1631398469210
0.0,0.0,4.37,24.8,1631398469280
0.0,0.0,4.37,24.8,1631398469350
0.0,0.0,4.37,24.8,1631398469423
0.0,0.0,4.36,24.8,1631398469494
0.0,0.0,4.37,24.8,1631398469562
0.0,0.0,4.36,24.8,1631398469630
0.0,0.0,4.37,24.8,1631398469699
0.0,0.0,4.37,24.8,1631398469772
0.0,0.0,4.37,24.8,1631398469839
0.0,0.0,4.381,24.8,1631398469910
0.0,0.0,4.381,24.8,1631398469986
35.16270446777344,139.61483764648438,4.381,24.8,1631398469986
0.0,0.0,4.391,24.8,1631398470053
0.0,0.0,4.391,24.8,1631398470119
0.0,0.0,4.391,24.8,1631398470191
0.0,0.0,4.391,24.8,1631398470260
0.0,0.0,4.391,24.8,1631398470330
0.0,0.0,4.402,24.8,1631398470402
0.0,0.0,4.402,24.8,1631398470473
0.0,0.0,4.412,24.8,1631398470540
0.0,0.0,4.412,24.8,1631398470611
0.0,0.0,4.412,24.8,1631398470680
0.0,0.0,4.412,24.8,1631398470750
0.0,0.0,4.412,24.8,1631398470820
0.0,0.0,4.422,24.8,1631398470895
0.0,0.0,4.422,24.8,1631398470960
0.0,0.0,4.422,24.8,1631398471047
35.16271209716797,139.6148223876953,4.422,24.8,1631398471047
0.0,0.0,4.422,24.8,1631398471100
0.0,0.0,4.433,24.8,1631398471173
0.0,0.0,4.433,24.8,1631398471241
0.0,0.0,4.433,24.8,1631398471322
0.0,0.0,4.433,24.8,1631398471382
0.0,0.0,4.433,24.8,1631398471453
0.0,0.0,4.433,24.8,1631398471628
0.0,0.0,4.433,24.8,1631398471633
0.0,0.0,4.433,24.8,1631398472218
35.162723541259766,139.61480712890625,4.433,24.8,1631398472218
0.0,0.0,4.433,24.8,1631398472245
0.0,0.0,4.433,24.8,1631398472251
0.0,0.0,4.433,24.8,1631398472260
0.0,0.0,4.433,24.8,1631398472265
0.0,0.0,4.433,24.8,1631398472270
0.0,0.0,4.422,24.8,1631398472274
0.0,0.0,4.422,24.8,1631398472279
0.0,0.0,4.422,24.8,1631398472288
0.0,0.0,4.422,24.8,1631398472296
0.0,0.0,4.422,24.8,1631398472484
0.0,0.0,4.422,24.8,1631398472489
0.0,0.0,4.422,24.8,1631398472510
0.0,0.0,4.422,24.8,1631398472600
0.0,0.0,4.412,24.8,1631398472790
0.0,0.0,4.412,24.8,1631398472809
0.0,0.0,4.412,24.8,1631398472819
0.0,0.0,4.412,24.8,1631398472858
0.0,0.0,4.412,24.8,1631398473070
35.16273880004883,139.6147918701172,4.412,24.8,1631398473070
0.0,0.0,4.412,24.8,1631398473075
0.0,0.0,4.412,24.8,1631398473131
0.0,0.0,4.412,24.8,1631398473142
0.0,0.0,4.412,24.8,1631398473366
0.0,0.0,4.402,24.8,1631398473373
0.0,0.0,4.402,24.8,1631398473380
0.0,0.0,4.402,24.8,1631398473421
0.0,0.0,4.402,24.8,1631398473480
0.0,0.0,4.412,24.8,1631398473672
0.0,0.0,4.412,24.8,1631398473676
0.0,0.0,4.412,24.8,1631398473693
0.0,0.0,4.412,24.8,1631398473759
0.0,0.0,4.412,24.8,1631398473982
0.0,0.0,4.412,24.8,1631398473987
0.0,0.0,4.412,24.8,1631398473991
35.162750244140625,139.6147918701172,4.412,24.8,1631398473991
0.0,0.0,4.422,24.8,1631398474068
0.0,0.0,4.422,24.8,1631398474291
0.0,0.0,4.422,24.8,1631398474295
0.0,0.0,4.433,24.8,1631398474300
0.0,0.0,4.433,24.8,1631398474322
0.0,0.0,4.433,24.8,1631398474397
0.0,0.0,4.433,24.8,1631398474596
0.0,0.0,4.443,24.8,1631398474603
0.0,0.0,4.443,24.8,1631398474610
0.0,0.0,4.443,24.8,1631398474671
0.0,0.0,4.443,24.8,1631398474740
0.0,0.0,4.443,24.8,1631398474810
0.0,0.0,4.443,24.8,1631398474880
0.0,0.0,4.454,24.8,1631398474950
0.0,0.0,4.454,24.8,1631398475050
35.16276168823242,139.61477661132812,4.454,24.8,1631398475050
0.0,0.0,4.454,24.8,1631398475098
0.0,0.0,4.454,24.8,1631398475160
0.0,0.0,4.454,24.8,1631398475231
0.0,0.0,4.454,24.8,1631398475306
0.0,0.0,4.454,24.8,1631398475370
0.0,0.0,4.454,24.8,1631398475440
0.0,0.0,4.454,24.8,1631398475514
0.0,0.0,4.454,24.8,1631398475585
0.0,0.0,4.454,24.8,1631398475651
0.0,0.0,4.454,24.8,1631398475722
0.0,0.0,4.443,24.8,1631398475793
0.0,0.0,4.443,24.8,1631398475861
0.0,0.0,4.443,24.8,1631398475931
0.0,0.0,4.454,24.8,1631398476023
35.16277313232422,139.61477661132812,4.454,24.8,1631398476023
0.0,0.0,4.454,24.8,1631398476071
0.0,0.0,4.454,24.8,1631398476139
0.0,0.0,4.454,24.8,1631398476210
0.0,0.0,4.454,24.8,1631398476280
0.0,0.0,4.454,24.8,1631398476350
0.0,0.0,4.443,24.8,1631398476419
0.0,0.0,4.443,24.8,1631398476501
0.0,0.0,4.433,24.8,1631398476562
0.0,0.0,4.433,24.8,1631398476634
0.0,0.0,4.433,24.8,1631398477213
35.162784576416016,139.61476135253906,4.433,24.8,1631398477213
0.0,0.0,4.433,24.8,1631398477219
0.0,0.0,4.433,24.8,1631398477223
0.0,0.0,4.433,24.8,1631398477229
0.0,0.0,4.433,24.8,1631398477235
0.0,0.0,4.422,24.8,1631398477239
0.0,0.0,4.422,24.8,1631398477243
0.0,0.0,4.433,24.8,1631398477266
0.0,0.0,4.433,24.8,1631398477330
0.0,0.0,4.433,24.8,1631398477405
0.0,0.0,4.433,24.8,1631398477483
0.0,0.0,4.443,24.8,1631398477546
0.0,0.0,4.443,24.8,1631398477611
0.0,0.0,4.443,24.8,1631398477680
0.0,0.0,4.443,24.8,1631398477753
0.0,0.0,4.443,24.8,1631398477927
0.0,0.0,4.443,24.8,1631398477933
0.0,0.0,4.443,24.8,1631398477960
0.0,0.0,4.443,24.8,1631398478059
35.16279602050781,139.61476135253906,4.443,24.8,1631398478059
0.0,0.0,4.443,24.8,1631398478100
0.0,0.0,4.443,24.8,1631398478170
0.0,0.0,4.443,24.8,1631398478240
0.0,0.0,4.443,24.8,1631398478311
0.0,0.0,4.443,24.8,1631398478380
0.0,0.0,4.443,24.8,1631398478451
0.0,0.0,4.443,24.8,1631398478531
0.0,0.0,4.454,24.8,1631398478591
0.0,0.0,4.454,24.8,1631398478659
0.0,0.0,4.454,24.8,1631398478733
0.0,0.0,4.464,24.8,1631398478800
0.0,0.0,4.464,24.8,1631398478872
0.0,0.0,4.464,24.8,1631398478939
0.0,0.0,4.464,24.8,1631398479013
35.16280746459961,139.61474609375,4.464,24.8,1631398479013
0.0,0.0,4.464,24.8,1631398479081
0.0,0.0,4.475,24.8,1631398479152
0.0,0.0,4.475,24.8,1631398479223
0.0,0.0,4.475,24.8,1631398479293
0.0,0.0,4.495,24.8,1631398479360
0.0,0.0,4.495,24.8,1631398479429
0.0,0.0,4.506,24.8,1631398479503
0.0,0.0,4.506,24.8,1631398479571
0.0,0.0,4.506,24.8,1631398479644
0.0,0.0,4.516,24.8,1631398479710
0.0,0.0,4.516,24.8,1631398479782
0.0,0.0,4.527,24.8,1631398479853
0.0,0.0,4.527,24.8,1631398479921
0.0,0.0,4.537,24.8,1631398479992
35.162818908691406,139.61474609375,4.537,24.8,1631398479992
0.0,0.0,4.537,24.8,1631398480077
0.0,0.0,4.547,24.8,1631398480146
0.0,0.0,4.558,24.8,1631398480215
0.0,0.0,4.568,24.8,1631398480270
0.0,0.0,4.568,24.8,1631398480340
0.0,0.0,4.568,24.8,1631398480412
0.0,0.0,4.579,24.8,1631398480482
0.0,0.0,4.579,24.8,1631398480551
0.0,0.0,4.579,24.8,1631398480621
0.0,0.0,4.589,24.8,1631398480756
0.0,0.0,4.589,24.8,1631398480764
0.0,0.0,4.589,24.8,1631398480829
0.0,0.0,4.589,24.8,1631398480899
0.0,0.0,4.599,24.8,1631398481019
35.1628303527832,139.61473083496094,4.599,24.8,1631398481019
0.0,0.0,4.599,24.8,1631398481057
0.0,0.0,4.599,24.8,1631398481112
0.0,0.0,4.599,24.8,1631398481180
0.0,0.0,4.599,24.8,1631398481250
0.0,0.0,4.599,24.8,1631398481320
0.0,0.0,4.599,24.8,1631398481391
0.0,0.0,4.599,24.8,1631398481461
0.0,0.0,4.61,24.8,1631398481532
0.0,0.0,4.599,24.8,1631398481603
0.0,0.0,4.599,24.8,1631398482239
35.162845611572266,139.61473083496094,4.599,24.8,1631398482239
0.0,0.0,4.599,24.8,1631398482244
0.0,0.0,4.589,24.8,1631398482251
0.0,0.0,4.589,24.8,1631398482254
0.0,0.0,4.589,24.8,1631398482260
0.0,0.0,4.599,24.8,1631398482264
0.0,0.0,4.599,24.8,1631398482267
0.0,0.0,4.599,24.8,1631398482303
0.0,0.0,4.589,24.8,1631398482370
0.0,0.0,4.599,24.8,1631398482442
0.0,0.0,4.599,24.8,1631398482515
0.0,0.0,4.589,24.8,1631398482683
0.0,0.0,4.589,24.8,1631398482688
0.0,0.0,4.589,24.8,1631398482722
0.0,0.0,4.589,24.8,1631398482792
0.0,0.0,4.599,24.8,1631398482859
0.0,0.0,4.589,24.8,1631398482931
0.0,0.0,4.589,24.8,1631398483026
35.16285705566406,139.61473083496094,4.589,24.8,1631398483026
0.0,0.0,4.589,24.8,1631398483088
0.0,0.0,4.589,24.8,1631398483158
0.0,0.0,4.589,24.8,1631398483226
0.0,0.0,4.589,24.8,1631398483287
0.0,0.0,4.589,24.8,1631398483351
0.0,0.0,4.589,24.8,1631398483420
0.0,0.0,4.599,24.8,1631398483490
0.0,0.0,4.599,24.8,1631398483567
0.0,0.0,4.599,24.8,1631398483630
0.0,0.0,4.599,24.8,1631398483699
0.0,0.0,4.599,24.8,1631398483769
0.0,0.0,4.599,24.8,1631398483841
0.0,0.0,4.599,24.8,1631398483911
0.0,0.0,4.599,24.8,1631398483985
35.16286849975586,139.61471557617188,4.599,24.8,1631398483985
0.0,0.0,4.599,24.8,1631398484059
0.0,0.0,4.61,24.8,1631398484120
0.0,0.0,4.61,24.8,1631398484194
0.0,0.0,4.61,24.8,1631398484279
0.0,0.0,4.61,24.8,1631398484330
0.0,0.0,4.61,24.8,1631398484400
0.0,0.0,4.61,24.8,1631398484471
0.0,0.0,4.61,24.8,1631398484542
0.0,0.0,4.61,24.8,1631398484694
0.0,0.0,4.61,24.8,1631398484699
0.0,0.0,4.61,24.8,1631398484750
0.0,0.0,4.61,24.8,1631398484819
0.0,0.0,4.61,24.8,1631398484889
0.0,0.0,4.62,24.8,1631398484960
35.162879943847656,139.61471557617188,4.62,24.8,1631398484960
0.0,0.0,4.62,24.8,1631398485054
0.0,0.0,4.62,24.8,1631398485100
0.0,0.0,4.631,24.8,1631398485171
0.0,0.0,4.631,24.8,1631398485242
0.0,0.0,4.641,24.8,1631398485310
0.0,0.0,4.641,24.8,1631398485380
0.0,0.0,4.651,24.8,1631398485450
0.0,0.0,4.651,24.8,1631398485520
0.0,0.0,4.651,24.8,1631398485601
0.0,0.0,4.651,24.8,1631398485660
0.0,0.0,4.662,24.8,1631398485729
0.0,0.0,4.662,24.8,1631398485804
0.0,0.0,4.662,24.8,1631398485872
0.0,0.0,4.662,24.8,1631398485942
0.0,0.0,4.672,24.8,1631398486034
35.16289520263672,139.61471557617188,4.672,24.8,1631398486034
0.0,0.0,4.672,24.8,1631398486083
0.0,0.0,4.672,24.8,1631398486154
0.0,0.0,4.672,24.8,1631398486225
0.0,0.0,4.683,24.8,1631398486296
0.0,0.0,4.672,24.8,1631398486363
0.0,0.0,4.683,24.8,1631398486431
0.0,0.0,4.683,24.8,1631398486507
0.0,0.0,4.683,24.8,1631398486572
0.0,0.0,4.693,24.8,1631398486643
0.0,0.0,4.693,24.8,1631398487257
35.16290283203125,139.6147003173828,4.693,24.8,1631398487257
0.0,0.0,4.693,24.8,1631398487265
0.0,0.0,4.693,24.8,1631398487268
0.0,0.0,4.703,24.8,1631398487279
0.0,0.0,4.703,24.8,1631398487283
0.0,0.0,4.703,24.8,1631398487290
0.0,0.0,4.703,24.8,1631398487342
0.0,0.0,4.703,24.8,1631398487412
0.0,0.0,4.703,24.8,1631398487483
0.0,0.0,4.703,24.8,1631398487553
0.0,0.0,4.693,24.8,1631398487624
0.0,0.0,4.693,24.8,1631398487762
0.0,0.0,4.693,24.8,1631398487833
0.0,0.0,4.693,24.8,1631398487901
0.0,0.0,4.693,24.8,1631398487974
35.16291427612305,139.6147003173828,4.693,24.8,1631398487974
0.0,0.0,4.693,24.8,1631398488042
0.0,0.0,4.693,24.8,1631398488112
0.0,0.0,4.693,24.8,1631398488184
0.0,0.0,4.693,24.8,1631398488252
0.0,0.0,4.693,24.8,1631398488322
0.0,0.0,4.693,24.8,1631398488392
0.0,0.0,4.693,24.8,1631398488535
0.0,0.0,4.693,24.8,1631398488672
0.0,0.0,4.693,24.8,1631398488743
0.0,0.0,4.693,24.8,1631398488812
0.0,0.0,4.693,24.8,1631398488985
0.0,0.0,4.693,24.8,1631398488987
35.16292190551758,139.61468505859375,4.693,24.8,1631398488987
0.0,0.0,4.703,24.8,1631398489026
0.0,0.0,4.703,24.8,1631398489096
0.0,0.0,4.703,24.8,1631398489170
0.0,0.0,4.703,24.8,1631398489235
0.0,0.0,4.693,24.8,1631398489302
0.0,0.0,4.703,24.8,1631398489371
0.0,0.0,4.693,24.8,1631398489442
0.0,0.0,4.693,24.8,1631398489513
0.0,0.0,4.693,24.8,1631398489675
0.0,0.0,4.693,24.8,1631398489680
0.0,0.0,4.693,24.8,1631398489722
0.0,0.0,4.693,24.8,1631398489803
0.0,0.0,4.693,24.8,1631398489861
0.0,0.0,4.693,24.8,1631398489931
0.0,0.0,4.693,24.8,1631398490051
35.162933349609375,139.61468505859375,4.693,24.8,1631398490051
0.0,0.0,4.703,24.8,1631398490081
0.0,0.0,4.703,24.8,1631398490142
0.0,0.0,4.703,24.8,1631398490212
0.0,0.0,4.693,24.8,1631398490285
0.0,0.0,4.693,24.8,1631398490356
0.0,0.0,4.693,24.8,1631398490422
0.0,0.0,4.693,24.8,1631398490495
0.0,0.0,4.693,24.8,1631398490563
0.0,0.0,4.693,24.8,1631398490632
0.0,0.0,4.693,24.8,1631398490703
0.0,0.0,4.693,24.8,1631398490774
0.0,0.0,4.693,24.8,1631398490843
0.0,0.0,4.693,24.8,1631398490914
0.0,0.0,4.693,24.8,1631398490981
35.16294479370117,139.6146697998047,4.693,24.8,1631398490981
0.0,0.0,4.683,24.8,1631398491053
0.0,0.0,4.683,24.8,1631398491121
0.0,0.0,4.683,24.8,1631398491199
0.0,0.0,4.672,24.8,1631398491262
0.0,0.0,4.672,24.8,1631398491331
0.0,0.0,4.672,24.8,1631398491402
0.0,0.0,4.672,24.8,1631398491640
0.0,0.0,4.672,24.8,1631398491645
0.0,0.0,4.672,24.8,1631398492201
35.1629524230957,139.61465454101562,4.672,24.8,1631398492201
0.0,0.0,4.662,24.8,1631398492222
0.0,0.0,4.672,24.8,1631398492238
0.0,0.0,4.672,24.8,1631398492242
0.0,0.0,4.662,24.8,1631398492246
0.0,0.0,4.662,24.8,1631398492250
0.0,0.0,4.662,24.8,1631398492253
0.0,0.0,4.662,24.8,1631398492257
0.0,0.0,4.662,24.8,1631398492260
0.0,0.0,4.662,24.8,1631398492311
0.0,0.0,4.662,24.8,1631398492494
0.0,0.0,4.662,24.8,1631398492498
0.0,0.0,4.662,24.8,1631398492530
0.0,0.0,4.662,24.8,1631398492593
0.0,0.0,4.662,24.8,1631398492801
0.0,0.0,4.662,24.8,1631398492804
0.0,0.0,4.672,24.8,1631398492808
0.0,0.0,4.662,24.8,1631398492879
0.0,0.0,4.672,24.8,1631398493095
35.162960052490234,139.61463928222656,4.672,24.8,1631398493095
0.0,0.0,4.672,24.8,1631398493098
0.0,0.0,4.672,24.8,1631398493102
0.0,0.0,4.683,24.8,1631398493152
0.0,0.0,4.683,24.8,1631398493406
0.0,0.0,4.683,24.8,1631398493415
0.0,0.0,4.693,24.8,1631398493424
0.0,0.0,4.693,24.8,1631398493445
0.0,0.0,4.693,24.8,1631398493511
0.0,0.0,4.703,24.8,1631398493712
0.0,0.0,4.703,24.8,1631398493720
0.0,0.0,4.703,24.8,1631398493732
0.0,0.0,4.703,24.8,1631398493781
0.0,0.0,4.714,24.8,1631398494043
35.162967681884766,139.61463928222656,4.714,24.8,1631398494043
0.0,0.0,4.714,24.8,1631398494048
0.0,0.0,4.714,24.8,1631398494081
0.0,0.0,4.714,24.8,1631398494085
0.0,0.0,4.714,24.8,1631398494317
0.0,0.0,4.714,24.8,1631398494335
0.0,0.0,4.724,24.8,1631398494347
0.0,0.0,4.724,24.8,1631398494415
0.0,0.0,4.735,24.8,1631398494634
0.0,0.0,4.735,24.8,1631398494641
0.0,0.0,4.735,24.8,1631398494644
0.0,0.0,4.735,24.8,1631398494692
0.0,0.0,4.735,24.8,1631398494762
0.0,0.0,4.735,24.8,1631398494833
0.0,0.0,4.745,24.8,1631398494901
0.0,0.0,4.745,24.8,1631398494973
0.0,0.0,4.756,24.8,1631398495042
35.1629753112793,139.6146240234375,4.756,24.8,1631398495042
0.0,0.0,4.756,24.8,1631398495112
0.0,0.0,4.756,24.8,1631398495183
0.0,0.0,4.756,24.8,1631398495260
0.0,0.0,4.745,24.8,1631398495322
0.0,0.0,4.756,24.8,1631398495392
0.0,0.0,4.745,24.8,1631398495470
0.0,0.0,4.745,24.8,1631398495539
0.0,0.0,4.745,24.8,1631398495689
0.0,0.0,4.745,24.8,1631398495694
0.0,0.0,4.756,24.8,1631398495742
0.0,0.0,4.745,24.8,1631398495812
0.0,0.0,4.745,24.8,1631398495881
0.0,0.0,4.745,24.8,1631398495952
0.0,0.0,4.745,24.8,1631398496025
35.162986755371094,139.61460876464844,4.745,24.8,1631398496025
0.0,0.0,4.745,24.8,1631398496092
0.0,0.0,4.745,24.8,1631398496164
0.0,0.0,4.745,24.8,1631398496231
0.0,0.0,4.745,24.8,1631398496374
0.0,0.0,4.745,24.8,1631398496445
0.0,0.0,4.745,24.8,1631398496587
0.0,0.0,4.745,24.8,1631398496651
0.0,0.0,4.745,24.8,1631398497177
35.162994384765625,139.61459350585938,4.745,24.8,1631398497177
0.0,0.0,4.745,24.8,1631398497193
0.0,0.0,4.745,24.8,1631398497198
0.0,0.0,4.735,24.8,1631398497206
0.0,0.0,4.735,24.8,1631398497209
0.0,0.0,4.735,24.8,1631398497213
0.0,0.0,4.735,24.8,1631398497223
0.0,0.0,4.735,24.8,1631398497282
0.0,0.0,4.735,24.8,1631398497351
0.0,0.0,4.735,24.8,1631398497421
0.0,0.0,4.724,24.8,1631398497491
0.0,0.0,4.724,24.8,1631398497562
0.0,0.0,4.735,24.8,1631398497631
0.0,0.0,4.735,24.8,1631398497701
0.0,0.0,4.735,24.8,1631398497841
0.0,0.0,4.735,24.8,1631398497911
0.0,0.0,4.735,24.8,1631398497989
0.0,0.0,4.735,24.8,1631398498063
35.16299819946289,139.61459350585938,4.735,24.8,1631398498063
0.0,0.0,4.735,24.8,1631398498125
0.0,0.0,4.735,24.8,1631398498204
0.0,0.0,4.735,24.8,1631398498262
0.0,0.0,4.735,24.8,1631398498332
0.0,0.0,4.735,24.8,1631398498403
0.0,0.0,4.745,24.8,1631398498471
0.0,0.0,4.745,24.8,1631398498549
0.0,0.0,4.745,24.8,1631398498614
0.0,0.0,4.745,24.8,1631398498682
0.0,0.0,4.735,24.8,1631398498753
0.0,0.0,4.735,24.8,1631398498822
0.0,0.0,4.735,24.8,1631398498897
0.0,0.0,4.735,24.8,1631398498961
0.0,0.0,4.745,24.8,1631398499041
35.16300964355469,139.6145782470703,4.745,24.8,1631398499041
0.0,0.0,4.745,24.8,1631398499102
0.0,0.0,4.745,24.8,1631398499173
0.0,0.0,4.756,24.8,1631398499250
0.0,0.0,4.766,24.8,1631398499315
0.0,0.0,4.766,24.8,1631398499387
0.0,0.0,4.766,24.8,1631398499453
0.0,0.0,4.776,24.8,1631398499534
0.0,0.0,4.776,24.8,1631398499598
0.0,0.0,4.787,24.8,1631398499663
0.0,0.0,4.787,24.8,1631398499735
0.0,0.0,4.797,24.8,1631398499802
0.0,0.0,4.797,24.8,1631398499941
35.16301345825195,139.61456298828125,4.797,24.8,1631398499941
0.0,0.0,4.797,24.8,1631398500081
0.0,0.0,4.808,24.8,1631398500151
0.0,0.0,4.808,24.8,1631398500222
0.0,0.0,4.818,24.8,1631398500292
0.0,0.0,4.818,24.8,1631398500361
0.0,0.0,4.818,24.8,1631398500432
0.0,0.0,4.828,24.8,1631398500533
0.0,0.0,4.828,24.8,1631398500572
0.0,0.0,4.828,24.8,1631398500645
0.0,0.0,4.828,24.8,1631398500711
0.0,0.0,4.828,24.8,1631398500784
0.0,0.0,4.828,24.8,1631398500857
0.0,0.0,4.839,24.8,1631398500921
0.0,0.0,4.839,24.8,1631398500994
35.16302490234375,139.6145477294922,4.839,24.8,1631398500994
0.0,0.0,4.839,24.8,1631398501062
0.0,0.0,4.849,24.8,1631398501133
0.0,0.0,4.849,24.8,1631398501203
0.0,0.0,4.86,24.8,1631398501288
0.0,0.0,4.86,24.8,1631398501343
0.0,0.0,4.86,24.8,1631398501417
0.0,0.0,4.86,24.8,1631398501482
0.0,0.0,4.86,24.8,1631398501554
0.0,0.0,4.86,24.8,1631398501628
0.0,0.0,4.86,24.8,1631398502198
35.16303253173828,139.6145477294922,4.86,24.8,1631398502198
0.0,0.0,4.86,24.8,1631398502240
0.0,0.0,4.86,24.8,1631398502243
0.0,0.0,4.86,24.8,1631398502247
0.0,0.0,4.86,24.8,1631398502250
0.0,0.0,4.86,24.8,1631398502254
0.0,0.0,4.86,24.8,1631398502258
0.0,0.0,4.86,24.8,1631398502325
0.0,0.0,4.86,24.8,1631398502393
0.0,0.0,4.86,24.8,1631398502463
0.0,0.0,4.86,24.8,1631398502533
0.0,0.0,4.86,24.8,1631398502602
0.0,0.0,4.86,24.8,1631398502673
0.0,0.0,4.86,24.8,1631398502742
0.0,0.0,4.86,24.8,1631398502812
0.0,0.0,4.86,24.8,1631398502881
0.0,0.0,4.849,24.8,1631398502951
0.0,0.0,4.86,24.8,1631398503037
35.16304016113281,139.61453247070312,4.86,24.8,1631398503037
0.0,0.0,4.86,24.8,1631398503092
0.0,0.0,4.86,24.8,1631398503162
0.0,0.0,4.87,24.8,1631398503231
0.0,0.0,4.87,24.8,1631398503302
0.0,0.0,4.87,24.8,1631398503372
0.0,0.0,4.87,24.8,1631398503442
0.0,0.0,4.87,24.8,1631398503513
0.0,0.0,4.87,24.8,1631398503582
0.0,0.0,4.87,24.8,1631398503652
0.0,0.0,4.88,24.8,1631398503722
0.0,0.0,4.88,24.8,1631398503792
0.0,0.0,4.88,24.8,1631398503861
0.0,0.0,4.88,24.8,1631398503932
0.0,0.0,4.88,24.8,1631398504022
35.163047790527344,139.61451721191406,4.88,24.8,1631398504022
0.0,0.0,4.88,24.8,1631398504076
0.0,0.0,4.891,24.8,1631398504144
0.0,0.0,4.891,24.8,1631398504215
0.0,0.0,4.891,24.8,1631398504285
0.0,0.0,4.891,24.8,1631398504352
0.0,0.0,4.88,24.8,1631398504422
0.0,0.0,4.88,24.8,1631398504500
0.0,0.0,4.891,24.8,1631398504562
0.0,0.0,4.891,24.8,1631398504632
0.0,0.0,4.891,24.8,1631398504701
0.0,0.0,4.891,24.8,1631398504772
0.0,0.0,4.891,24.8,1631398504841
0.0,0.0,4.901,24.8,1631398504913
0.0,0.0,4.901,24.8,1631398504986
35.163055419921875,139.61451721191406,4.901,24.8,1631398504986
0.0,0.0,4.901,24.8,1631398505052
0.0,0.0,4.901,24.8,1631398505122
0.0,0.0,4.901,24.8,1631398505191
0.0,0.0,4.901,24.8,1631398505272
0.0,0.0,4.901,24.8,1631398505345
0.0,0.0,4.901,24.8,1631398505403
0.0,0.0,4.901,24.8,1631398505494
0.0,0.0,4.901,24.8,1631398505543
0.0,0.0,4.912,24.8,1631398505612
0.0,0.0,4.912,24.8,1631398505682
0.0,0.0,4.912,24.8,1631398505753
0.0,0.0,4.912,24.8,1631398505823
0.0,0.0,4.912,24.8,1631398505894
0.0,0.0,4.901,24.8,1631398505962
35.16306686401367,139.614501953125,4.901,24.8,1631398505962
0.0,0.0,4.901,24.8,1631398506056
0.0,0.0,4.912,24.8,1631398506104
0.0,0.0,4.912,24.8,1631398506173
0.0,0.0,4.901,24.8,1631398506242
0.0,0.0,4.912,24.8,1631398506313
0.0,0.0,4.912,24.8,1631398506383
0.0,0.0,4.912,24.8,1631398506453
0.0,0.0,4.912,24.8,1631398506522
0.0,0.0,4.922,24.8,1631398506593
0.0,0.0,4.922,24.8,1631398507215
35.1630744934082,139.61448669433594,4.922,24.8,1631398507215
0.0,0.0,4.922,24.8,1631398507224
0.0,0.0,4.922,24.8,1631398507233
0.0,0.0,4.922,24.8,1631398507244
0.0,0.0,4.922,24.8,1631398507253
0.0,0.0,4.922,24.8,1631398507258
0.0,0.0,4.922,24.8,1631398507265
0.0,0.0,4.922,24.8,1631398507268
0.0,0.0,4.922,24.8,1631398507291
0.0,0.0,4.932,24.8,1631398507363
0.0,0.0,4.932,24.8,1631398507432
0.0,0.0,4.922,24.8,1631398507502
0.0,0.0,4.922,24.8,1631398507581
0.0,0.0,4.922,24.8,1631398507642
0.0,0.0,4.922,24.8,1631398507713
0.0,0.0,4.922,24.8,1631398507784
0.0,0.0,4.922,24.8,1631398507851
0.0,0.0,4.922,24.8,1631398507922
0.0,0.0,4.932,24.8,1631398507991
35.163082122802734,139.61448669433594,4.932,24.8,1631398507991
0.0,0.0,4.932,24.8,1631398508062
0.0,0.0,4.932,24.8,1631398508132
0.0,0.0,4.943,24.8,1631398508204
0.0,0.0,4.943,24.8,1631398508274
0.0,0.0,4.943,24.8,1631398508343
0.0,0.0,4.943,24.8,1631398508412
0.0,0.0,4.953,24.8,1631398508490
0.0,0.0,4.953,24.8,1631398508555
0.0,0.0,4.943,24.8,1631398508626
0.0,0.0,4.953,24.8,1631398508821
0.0,0.0,4.943,24.8,1631398508832
0.0,0.0,4.953,24.8,1631398508848
0.0,0.0,4.953,24.8,1631398508903
0.0,0.0,4.953,24.8,1631398508975
35.163089752197266,139.61447143554688,4.953,24.8,1631398508975
0.0,0.0,4.953,24.8,1631398509056
0.0,0.0,4.953,24.8,1631398509112
0.0,0.0,4.964,24.8,1631398509184
0.0,0.0,4.964,24.8,1631398509258
0.0,0.0,4.964,24.8,1631398509325
0.0,0.0,4.964,24.8,1631398509398
0.0,0.0,4.964,24.8,1631398509464
0.0,0.0,4.964,24.8,1631398509535
0.0,0.0,4.964,24.8,1631398509612
0.0,0.0,4.984,24.8,1631398509673
0.0,0.0,4.984,24.8,1631398509745
0.0,0.0,4.995,24.8,1631398509814
0.0,0.0,4.995,24.8,1631398509882
0.0,0.0,4.995,24.8,1631398509953
0.0,0.0,4.995,24.8,1631398510039
35.16310119628906,139.61447143554688,4.995,24.8,1631398510039
0.0,0.0,5.005,24.8,1631398510098
0.0,0.0,5.005,24.8,1631398510170
0.0,0.0,5.005,24.8,1631398510234
0.0,0.0,5.005,24.8,1631398510305
0.0,0.0,5.005,24.8,1631398510374
0.0,0.0,5.005,24.8,1631398510445
0.0,0.0,5.016,24.8,1631398510514
0.0,0.0,5.005,24.8,1631398510689
0.0,0.0,5.005,24.8,1631398510703
0.0,0.0,5.005,24.8,1631398510737
0.0,0.0,5.005,24.8,1631398510794
0.0,0.0,5.016,24.8,1631398510864
0.0,0.0,5.016,24.8,1631398510932
0.0,0.0,5.016,24.8,1631398511019
35.163108825683594,139.6144561767578,5.016,24.8,1631398511019
0.0,0.0,5.016,24.8,1631398511072
0.0,0.0,5.026,24.8,1631398511142
0.0,0.0,5.026,24.8,1631398511212
0.0,0.0,5.026,24.8,1631398511285
0.0,0.0,5.036,24.8,1631398511354
0.0,0.0,5.026,24.8,1631398511423
0.0,0.0,5.036,24.8,1631398511648
0.0,0.0,5.036,24.8,1631398511654
0.0,0.0,5.036,24.8,1631398512203
35.163116455078125,139.6144561767578,5.036,24.8,1631398512203
0.0,0.0,5.047,24.8,1631398512211
0.0,0.0,5.047,24.8,1631398512228
0.0,0.0,5.057,24.8,1631398512234
0.0,0.0,5.036,24.8,1631398512239
0.0,0.0,5.047,24.8,1631398512246
0.0,0.0,5.047,24.8,1631398512256
0.0,0.0,5.057,24.8,1631398512262
0.0,0.0,5.057,24.8,1631398512267
0.0,0.0,5.057,24.8,1631398512492
0.0,0.0,5.057,24.8,1631398512496
0.0,0.0,5.057,24.8,1631398512510
0.0,0.0,5.057,24.8,1631398512546
0.0,0.0,5.068,24.8,1631398512792
0.0,0.0,5.068,24.8,1631398512797
0.0,0.0,5.078,24.8,1631398512802
0.0,0.0,5.078,24.8,1631398512826
0.0,0.0,5.078,24.8,1631398512894
0.0,0.0,5.089,24.8,1631398513075
35.16312789916992,139.61444091796875,5.089,24.8,1631398513075
0.0,0.0,5.089,24.8,1631398513082
0.0,0.0,5.089,24.8,1631398513104
0.0,0.0,5.089,24.8,1631398513177
0.0,0.0,5.089,24.8,1631398513374
0.0,0.0,5.099,24.8,1631398513378
0.0,0.0,5.099,24.8,1631398513387
0.0,0.0,5.099,24.8,1631398513454
0.0,0.0,5.109,24.8,1631398513679
0.0,0.0,5.109,24.8,1631398513683
0.0,0.0,5.12,24.8,1631398513693
0.0,0.0,5.12,24.8,1631398513735
0.0,0.0,5.12,24.8,1631398513985
0.0,0.0,5.12,24.8,1631398513992
0.0,0.0,5.13,24.8,1631398513997
35.16313552856445,139.61444091796875,5.13,24.8,1631398513997
0.0,0.0,5.13,24.8,1631398514040
0.0,0.0,5.13,24.8,1631398514083
0.0,0.0,5.141,24.8,1631398514290
0.0,0.0,5.141,24.8,1631398514303
0.0,0.0,5.151,24.8,1631398514319
0.0,0.0,5.151,24.8,1631398514362
0.0,0.0,5.151,24.8,1631398514593
0.0,0.0,5.151,24.8,1631398514599
0.0,0.0,5.151,24.8,1631398514614
0.0,0.0,5.151,24.8,1631398514645
0.0,0.0,5.151,24.8,1631398514713
0.0,0.0,5.151,24.8,1631398514786
0.0,0.0,5.161,24.8,1631398514854
0.0,0.0,5.161,24.8,1631398514922
0.0,0.0,5.151,24.8,1631398514993
35.16314697265625,139.61444091796875,5.151,24.8,1631398514993
0.0,0.0,5.151,24.8,1631398515063
0.0,0.0,5.151,24.8,1631398515132
0.0,0.0,5.151,24.8,1631398515209
0.0,0.0,5.151,24.8,1631398515273
0.0,0.0,5.151,24.8,1631398515343
0.0,0.0,5.151,24.8,1631398515413
0.0,0.0,5.151,24.8,1631398515482
0.0,0.0,5.151,24.8,1631398515554
0.0,0.0,5.151,24.8,1631398515625
0.0,0.0,5.151,24.8,1631398515693
0.0,0.0,5.141,24.8,1631398515764
0.0,0.0,5.141,24.8,1631398515832
0.0,0.0,5.13,24.8,1631398515902
0.0,0.0,5.13,24.8,1631398515982
35.16315460205078,139.6144256591797,5.13,24.8,1631398515982
0.0,0.0,5.141,24.8,1631398516050
0.0,0.0,5.13,24.8,1631398516122
0.0,0.0,5.13,24.8,1631398516183
0.0,0.0,5.141,24.8,1631398516253
0.0,0.0,5.151,24.8,1631398516324
0.0,0.0,5.141,24.8,1631398516392
0.0,0.0,5.141,24.8,1631398516462
0.0,0.0,5.141,24.8,1631398516533
0.0,0.0,5.141,24.8,1631398516605
0.0,0.0,5.141,24.8,1631398517242
35.16316604614258,139.6144256591797,5.141,24.8,1631398517242
0.0,0.0,5.141,24.8,1631398517262
0.0,0.0,5.141,24.8,1631398517277
0.0,0.0,5.151,24.8,1631398517285
0.0,0.0,5.151,24.8,1631398517289
0.0,0.0,5.141,24.8,1631398517293
0.0,0.0,5.141,24.8,1631398517302
0.0,0.0,5.151,24.8,1631398517376
0.0,0.0,5.151,24.8,1631398517447
0.0,0.0,5.151,24.8,1631398517517
0.0,0.0,5.151,24.8,1631398517583
0.0,0.0,5.161,24.8,1631398517656
0.0,0.0,5.161,24.8,1631398517725
0.0,0.0,5.161,24.8,1631398517814
0.0,0.0,5.172,24.8,1631398517863
0.0,0.0,5.172,24.8,1631398517932
0.0,0.0,5.182,24.8,1631398518022
35.16317367553711,139.61441040039062,5.182,24.8,1631398518022
0.0,0.0,5.182,24.8,1631398518073
0.0,0.0,5.182,24.8,1631398518144
0.0,0.0,5.193,24.8,1631398518215
0.0,0.0,5.193,24.8,1631398518282
0.0,0.0,5.213,24.8,1631398518352
0.0,0.0,5.213,24.8,1631398518424
0.0,0.0,5.213,24.8,1631398518496
0.0,0.0,5.213,24.8,1631398518564
0.0,0.0,5.224,24.8,1631398518633
0.0,0.0,5.203,24.8,1631398518703
0.0,0.0,5.213,24.8,1631398518773
0.0,0.0,5.213,24.8,1631398518843
0.0,0.0,5.203,24.8,1631398518912
0.0,0.0,5.203,24.8,1631398518983
35.163185119628906,139.61441040039062,5.203,24.8,1631398518983
0.0,0.0,5.213,24.8,1631398519053
0.0,0.0,5.213,24.8,1631398519123
0.0,0.0,5.213,24.8,1631398519295
0.0,0.0,5.213,24.8,1631398519304
0.0,0.0,5.213,24.8,1631398519341
0.0,0.0,5.213,24.8,1631398519403
0.0,0.0,5.213,24.8,1631398519472
0.0,0.0,5.224,24.8,1631398519553
0.0,0.0,5.224,24.8,1631398519612
0.0,0.0,5.224,24.8,1631398519688
0.0,0.0,5.224,24.8,1631398519756
0.0,0.0,5.234,24.8,1631398519822
0.0,0.0,5.245,24.8,1631398519893
0.0,0.0,5.245,24.8,1631398519963
35.16319274902344,139.61439514160156,5.245,24.8,1631398519963
0.0,0.0,5.255,24.8,1631398520041
0.0,0.0,5.265,24.8,1631398520107
0.0,0.0,5.265,24.8,1631398520172
0.0,0.0,5.265,24.8,1631398520242
0.0,0.0,5.265,24.8,1631398520317
0.0,0.0,5.265,24.8,1631398520382
0.0,0.0,5.265,24.8,1631398520461
0.0,0.0,5.265,24.8,1631398520526
0.0,0.0,5.255,24.8,1631398520595
0.0,0.0,5.255,24.8,1631398520664
0.0,0.0,5.265,24.8,1631398520733
0.0,0.0,5.265,24.8,1631398520802
0.0,0.0,5.265,24.8,1631398520873
0.0,0.0,5.265,24.8,1631398520944
0.0,0.0,5.265,24.8,1631398521045
35.16320037841797,139.61439514160156,5.265,24.8,1631398521045
0.0,0.0,5.265,24.8,1631398521087
0.0,0.0,5.265,24.8,1631398521155
0.0,0.0,5.265,24.8,1631398521222
0.0,0.0,5.265,24.8,1631398521293
0.0,0.0,5.276,24.8,1631398521370
0.0,0.0,5.276,24.8,1631398521432
0.0,0.0,5.276,24.8,1631398521502
0.0,0.0,5.276,24.8,1631398521682
0.0,0.0,5.276,24.8,1631398521686
0.0,0.0,5.286,24.8,1631398522265
35.1632080078125,139.6143798828125,5.286,24.8,1631398522265
0.0,0.0,5.286,24.8,1631398522271
0.0,0.0,5.286,24.8,1631398522275
0.0,0.0,5.286,24.8,1631398522281
0.0,0.0,5.286,24.8,1631398522290
0.0,0.0,5.276,24.8,1631398522295
0.0,0.0,5.276,24.8,1631398522302
0.0,0.0,5.276,24.8,1631398522311
0.0,0.0,5.276,24.8,1631398522316
0.0,0.0,5.276,24.8,1631398522342
0.0,0.0,5.276,24.8,1631398522412
0.0,0.0,5.276,24.8,1631398522485
0.0,0.0,5.286,24.8,1631398522556
0.0,0.0,5.286,24.8,1631398522623
0.0,0.0,5.307,24.8,1631398522692
0.0,0.0,5.297,24.8,1631398522765
0.0,0.0,5.307,24.8,1631398522838
0.0,0.0,5.307,24.8,1631398522904
0.0,0.0,5.307,24.8,1631398522974
35.16321563720703,139.6143798828125,5.307,24.8,1631398522974
0.0,0.0,5.307,24.8,1631398523048
0.0,0.0,5.307,24.8,1631398523113
0.0,0.0,5.307,24.8,1631398523185
0.0,0.0,5.317,24.8,1631398523255
0.0,0.0,5.317,24.8,1631398523323
0.0,0.0,5.317,24.8,1631398523393
0.0,0.0,5.328,24.8,1631398523477
0.0,0.0,5.328,24.8,1631398523545
0.0,0.0,5.328,24.8,1631398523606
0.0,0.0,5.328,24.8,1631398523676
0.0,0.0,5.328,24.8,1631398523747
0.0,0.0,5.328,24.8,1631398523820
0.0,0.0,5.328,24.8,1631398523884
0.0,0.0,5.328,24.8,1631398523954
0.0,0.0,5.328,24.8,1631398524036
35.16322326660156,139.61436462402344,5.328,24.8,1631398524036
0.0,0.0,5.328,24.8,1631398524166
0.0,0.0,5.328,24.8,1631398524236
0.0,0.0,5.328,24.8,1631398524306
0.0,0.0,5.317,24.8,1631398524376
0.0,0.0,5.328,24.8,1631398524442
0.0,0.0,5.317,24.8,1631398524526
0.0,0.0,5.328,24.8,1631398524583
0.0,0.0,5.328,24.8,1631398524653
0.0,0.0,5.338,24.8,1631398524725
0.0,0.0,5.338,24.8,1631398524795
0.0,0.0,5.338,24.8,1631398524871
0.0,0.0,5.338,24.8,1631398524935
0.0,0.0,5.317,24.8,1631398525014
35.163230895996094,139.61434936523438,5.317,24.8,1631398525014
0.0,0.0,5.328,24.8,1631398525072
0.0,0.0,5.328,24.8,1631398525146
0.0,0.0,5.328,24.8,1631398525217
0.0,0.0,5.338,24.8,1631398525284
0.0,0.0,5.338,24.8,1631398525355
0.0,0.0,5.338,24.8,1631398525425
0.0,0.0,5.328,24.8,1631398525495
0.0,0.0,5.328,24.8,1631398525565
0.0,0.0,5.338,24.8,1631398525637
0.0,0.0,5.338,24.8,1631398525704
0.0,0.0,5.328,24.8,1631398525776
0.0,0.0,5.328,24.8,1631398525845
0.0,0.0,5.328,24.8,1631398525915
0.0,0.0,5.328,24.8,1631398525984
35.163238525390625,139.6143341064453,5.328,24.8,1631398525984
0.0,0.0,5.328,24.8,1631398526055
0.0,0.0,5.328,24.8,1631398526124
0.0,0.0,5.328,24.8,1631398526198
0.0,0.0,5.328,24.8,1631398526267
0.0,0.0,5.328,24.8,1631398526335
0.0,0.0,5.328,24.8,1631398526404
0.0,0.0,5.328,24.8,1631398526483
0.0,0.0,5.328,24.8,1631398526546
0.0,0.0,5.338,24.8,1631398526619
0.0,0.0,5.338,24.8,1631398527174
35.163246154785156,139.6143341064453,5.338,24.8,1631398527174
0.0,0.0,5.338,24.8,1631398527195
0.0,0.0,5.349,24.8,1631398527202
0.0,0.0,5.338,24.8,1631398527207
0.0,0.0,5.328,24.8,1631398527211
0.0,0.0,5.328,24.8,1631398527216
0.0,0.0,5.328,24.8,1631398527224
0.0,0.0,5.328,24.8,1631398527252
0.0,0.0,5.338,24.8,1631398527318
0.0,0.0,5.328,24.8,1631398527395
0.0,0.0,5.338,24.8,1631398527457
0.0,0.0,5.338,24.8,1631398527542
0.0,0.0,5.338,24.8,1631398527597
0.0,0.0,5.338,24.8,1631398527667
0.0,0.0,5.349,24.8,1631398527740
0.0,0.0,5.349,24.8,1631398527810
0.0,0.0,5.349,24.8,1631398527877
0.0,0.0,5.349,24.8,1631398527948
0.0,0.0,5.338,24.8,1631398528026
35.16325378417969,139.61431884765625,5.338,24.8,1631398528026
0.0,0.0,5.338,24.8,1631398528087
0.0,0.0,5.338,24.8,1631398528165
0.0,0.0,5.338,24.8,1631398528230
0.0,0.0,5.338,24.8,1631398528299
0.0,0.0,5.349,24.8,1631398528368
0.0,0.0,5.349,24.8,1631398528437
0.0,0.0,5.349,24.8,1631398528516
0.0,0.0,5.349,24.8,1631398528587
0.0,0.0,5.349,24.8,1631398528647
0.0,0.0,5.349,24.8,1631398528718
0.0,0.0,5.349,24.8,1631398528818
0.0,0.0,5.359,24.8,1631398528858
0.0,0.0,5.359,24.8,1631398528929
0.0,0.0,5.37,24.8,1631398528997
35.16326141357422,139.6143035888672,5.37,24.8,1631398528997
0.0,0.0,5.37,24.8,1631398529068
0.0,0.0,5.359,24.8,1631398529140
0.0,0.0,5.359,24.8,1631398529209
0.0,0.0,5.359,24.8,1631398529278
0.0,0.0,5.359,24.8,1631398529347
0.0,0.0,5.37,24.8,1631398529418
0.0,0.0,5.37,24.8,1631398529488
0.0,0.0,5.37,24.8,1631398529559
0.0,0.0,5.37,24.8,1631398529628
0.0,0.0,5.37,24.8,1631398529699
0.0,0.0,5.359,24.8,1631398529769
0.0,0.0,5.359,24.8,1631398529838
0.0,0.0,5.359,24.8,1631398529907
0.0,0.0,5.37,24.8,1631398529980
35.16326904296875,139.6143035888672,5.37,24.8,1631398529980
0.0,0.0,5.37,24.8,1631398530049
0.0,0.0,5.37,24.8,1631398530118
0.0,0.0,5.38,24.8,1631398530188
0.0,0.0,5.38,24.8,1631398530258
0.0,0.0,5.39,24.8,1631398530328
0.0,0.0,5.39,24.8,1631398530398
0.0,0.0,5.39,24.8,1631398530469
0.0,0.0,5.39,24.8,1631398530538
0.0,0.0,5.39,24.8,1631398530609
0.0,0.0,5.39,24.8,1631398530677
0.0,0.0,5.39,24.8,1631398530747
0.0,0.0,5.401,24.8,1631398530822
0.0,0.0,5.401,24.8,1631398530889
0.0,0.0,5.411,24.8,1631398530969
35.16327667236328,139.61428833007812,5.411,24.8,1631398530969
0.0,0.0,5.422,24.8,1631398531028
0.0,0.0,5.422,24.8,1631398531098
0.0,0.0,5.411,24.8,1631398531168
0.0,0.0,5.401,24.8,1631398531238
0.0,0.0,5.411,24.8,1631398531308
0.0,0.0,5.411,24.8,1631398531377
0.0,0.0,5.401,24.8,1631398531449
0.0,0.0,5.411,24.8,1631398532236
35.16328048706055,139.61427307128906,5.411,24.8,1631398532236
0.0,0.0,5.411,24.8,1631398532244
0.0,0.0,5.411,24.8,1631398532250
0.0,0.0,5.411,24.8,1631398532313
0.0,0.0,5.411,24.8,1631398532317
0.0,0.0,5.411,24.8,1631398532323
0.0,0.0,5.411,24.8,1631398532327
0.0,0.0,5.411,24.8,1631398532331
0.0,0.0,5.411,24.8,1631398532335
0.0,0.0,5.411,24.8,1631398532339
0.0,0.0,5.401,24.8,1631398532541
0.0,0.0,5.411,24.8,1631398532553
0.0,0.0,5.411,24.8,1631398532565
0.0,0.0,5.401,24.8,1631398532582
0.0,0.0,5.401,24.8,1631398532646
0.0,0.0,5.401,24.8,1631398532843
0.0,0.0,5.422,24.8,1631398532846
0.0,0.0,5.411,24.8,1631398532855
0.0,0.0,5.411,24.8,1631398532926
35.16328811645508,139.6142578125,5.411,24.8,1631398532926
0.0,0.0,5.411,24.8,1631398533128
0.0,0.0,5.411,24.8,1631398533133
0.0,0.0,5.411,24.8,1631398533146
0.0,0.0,5.411,24.8,1631398533205
0.0,0.0,5.411,24.8,1631398533430
0.0,0.0,5.401,24.8,1631398533436
0.0,0.0,5.401,24.8,1631398533441
0.0,0.0,5.401,24.8,1631398533488
0.0,0.0,5.411,24.8,1631398533734
0.0,0.0,5.401,24.8,1631398533737
0.0,0.0,5.401,24.8,1631398533741
0.0,0.0,5.401,24.8,1631398533769
0.0,0.0,5.401,24.8,1631398533838
0.0,0.0,5.411,24.8,1631398534047
35.163291931152344,139.61424255371094,5.411,24.8,1631398534047
0.0,0.0,5.411,24.8,1631398534051
0.0,0.0,5.411,24.8,1631398534061
0.0,0.0,5.411,24.8,1631398534117
0.0,0.0,5.411,24.8,1631398534349
0.0,0.0,5.411,24.8,1631398534355
0.0,0.0,5.411,24.8,1631398534364
0.0,0.0,5.411,24.8,1631398534399
0.0,0.0,5.411,24.8,1631398534656
0.0,0.0,5.411,24.8,1631398534659
0.0,0.0,5.411,24.8,1631398534665
0.0,0.0,5.401,24.8,1631398534697
0.0,0.0,5.401,24.8,1631398534749
0.0,0.0,5.401,24.8,1631398534816
0.0,0.0,5.401,24.8,1631398534886
0.0,0.0,5.401,24.8,1631398534956
35.163299560546875,139.61424255371094,5.401,24.8,1631398534956
0.0,0.0,5.38,24.8,1631398535055
0.0,0.0,5.39,24.8,1631398535097
0.0,0.0,5.39,24.8,1631398535166
0.0,0.0,5.38,24.8,1631398535236
0.0,0.0,5.39,24.8,1631398535307
0.0,0.0,5.39,24.8,1631398535379
0.0,0.0,5.39,24.8,1631398535451
0.0,0.0,5.39,24.8,1631398535521
0.0,0.0,5.39,24.8,1631398535588
0.0,0.0,5.39,24.8,1631398535719
0.0,0.0,5.39,24.8,1631398535727
0.0,0.0,5.38,24.8,1631398535797
0.0,0.0,5.39,24.8,1631398535866
0.0,0.0,5.38,24.8,1631398535937
0.0,0.0,5.38,24.8,1631398536040
35.163307189941406,139.61422729492188,5.38,24.8,1631398536040
0.0,0.0,5.39,24.8,1631398536077
0.0,0.0,5.38,24.8,1631398536146
0.0,0.0,5.38,24.8,1631398536219
0.0,0.0,5.38,24.8,1631398536286
0.0,0.0,5.38,24.8,1631398536357
0.0,0.0,5.38,24.8,1631398536427
0.0,0.0,5.38,24.8,1631398536507
0.0,0.0,5.38,24.8,1631398536572
0.0,0.0,5.38,24.8,1631398536636
0.0,0.0,5.38,24.8,1631398537175
35.16331481933594,139.6142120361328,5.38,24.8,1631398537175
0.0,0.0,5.38,24.8,1631398537188
0.0,0.0,5.38,24.8,1631398537219
0.0,0.0,5.39,24.8,1631398537232
0.0,0.0,5.39,24.8,1631398537243
0.0,0.0,5.39,24.8,1631398537247
0.0,0.0,5.39,24.8,1631398537250
0.0,0.0,5.39,24.8,1631398537270
0.0,0.0,5.411,24.8,1631398537337
0.0,0.0,5.401,24.8,1631398537409
0.0,0.0,5.411,24.8,1631398537476
0.0,0.0,5.411,24.8,1631398537546
0.0,0.0,5.411,24.8,1631398537618
0.0,0.0,5.411,24.8,1631398537686
0.0,0.0,5.411,24.8,1631398537756
0.0,0.0,5.411,24.8,1631398537832
0.0,0.0,5.411,24.8,1631398537897
0.0,0.0,5.411,24.8,1631398537967
35.16332244873047,139.61419677734375,5.411,24.8,1631398537967
0.0,0.0,5.411,24.8,1631398538040
0.0,0.0,5.411,24.8,1631398538109
0.0,0.0,5.411,24.8,1631398538240
0.0,0.0,5.422,24.8,1631398538250
0.0,0.0,5.422,24.8,1631398538320
0.0,0.0,5.422,24.8,1631398538386
0.0,0.0,5.422,24.8,1631398538464
0.0,0.0,5.422,24.8,1631398538532
0.0,0.0,5.422,24.8,1631398538600
0.0,0.0,5.422,24.8,1631398538670
0.0,0.0,5.432,24.8,1631398538740
0.0,0.0,5.432,24.8,1631398538810
0.0,0.0,5.432,24.8,1631398538879
0.0,0.0,5.432,24.8,1631398538949
0.0,0.0,5.432,24.8,1631398539024
35.163330078125,139.61419677734375,5.432,24.8,1631398539024
0.0,0.0,5.442,24.8,1631398539092
0.0,0.0,5.442,24.8,1631398539161
0.0,0.0,5.442,24.8,1631398539230
0.0,0.0,5.442,24.8,1631398539301
0.0,0.0,5.442,24.8,1631398539374
0.0,0.0,5.453,24.8,1631398539439
0.0,0.0,5.453,24.8,1631398539517
0.0,0.0,5.442,24.8,1631398539581
0.0,0.0,5.442,24.8,1631398539650
0.0,0.0,5.442,24.8,1631398539739
0.0,0.0,5.442,24.8,1631398539789
0.0,0.0,5.442,24.8,1631398539867
0.0,0.0,5.442,24.8,1631398539929
0.0,0.0,5.442,24.8,1631398540013
35.163333892822266,139.6141815185547,5.442,24.8,1631398540013
0.0,0.0,5.442,24.8,1631398540070
0.0,0.0,5.442,24.8,1631398540140
0.0,0.0,5.442,24.8,1631398540210
0.0,0.0,5.442,24.8,1631398540279
0.0,0.0,5.442,24.8,1631398540350
0.0,0.0,5.442,24.8,1631398540419
0.0,0.0,5.442,24.8,1631398540491
0.0,0.0,5.442,24.8,1631398540559
0.0,0.0,5.432,24.8,1631398540629
0.0,0.0,5.442,24.8,1631398540699
0.0,0.0,5.442,24.8,1631398540771
0.0,0.0,5.442,24.8,1631398540842
0.0,0.0,5.453,24.8,1631398540910
0.0,0.0,5.453,24.8,1631398540985
35.1633415222168,139.61416625976562,5.453,24.8,1631398540985
0.0,0.0,5.463,24.8,1631398541051
0.0,0.0,5.474,24.8,1631398541119
0.0,0.0,5.474,24.8,1631398541197
0.0,0.0,5.484,24.8,1631398541264
0.0,0.0,5.484,24.8,1631398541330
0.0,0.0,5.474,24.8,1631398541399
0.0,0.0,5.474,24.8,1631398541470
0.0,0.0,5.484,24.8,1631398541549
0.0,0.0,5.484,24.8,1631398541610
0.0,0.0,5.484,24.8,1631398542233
35.16334915161133,139.61415100097656,5.484,24.8,1631398542233
0.0,0.0,5.484,24.8,1631398542251
0.0,0.0,5.484,24.8,1631398542265
0.0,0.0,5.494,24.8,1631398542277
0.0,0.0,5.494,24.8,1631398542286
0.0,0.0,5.494,24.8,1631398542292
0.0,0.0,5.505,24.8,1631398542297
0.0,0.0,5.505,24.8,1631398542305
0.0,0.0,5.505,24.8,1631398542310
0.0,0.0,5.505,24.8,1631398542380
0.0,0.0,5.515,24.8,1631398542449
0.0,0.0,5.515,24.8,1631398542521
0.0,0.0,5.515,24.8,1631398542594
0.0,0.0,5.526,24.8,1631398542662
0.0,0.0,5.536,24.8,1631398542729
0.0,0.0,5.536,24.8,1631398542870
0.0,0.0,5.536,24.8,1631398542873
0.0,0.0,5.536,24.8,1631398542940
0.0,0.0,5.546,24.8,1631398543019
35.16335678100586,139.61415100097656,5.546,24.8,1631398543019
0.0,0.0,5.546,24.8,1631398543083
0.0,0.0,5.546,24.8,1631398543170
0.0,0.0,5.546,24.8,1631398543223
0.0,0.0,5.536,24.8,1631398543294
0.0,0.0,5.536,24.8,1631398543362
0.0,0.0,5.526,24.8,1631398543504
0.0,0.0,5.526,24.8,1631398543574
0.0,0.0,5.526,24.8,1631398543642
0.0,0.0,5.526,24.8,1631398543712
0.0,0.0,5.526,24.8,1631398543785
0.0,0.0,5.536,24.8,1631398543852
0.0,0.0,5.536,24.8,1631398543922
0.0,0.0,5.536,24.8,1631398543994
35.16336441040039,139.6141357421875,5.536,24.8,1631398543994
0.0,0.0,5.536,24.8,1631398544075
0.0,0.0,5.536,24.8,1631398544133
0.0,0.0,5.536,24.8,1631398544204
0.0,0.0,5.536,24.8,1631398544273
0.0,0.0,5.536,24.8,1631398544345
0.0,0.0,5.536,24.8,1631398544412
0.0,0.0,5.536,24.8,1631398544488
0.0,0.0,5.536,24.8,1631398544554
0.0,0.0,5.536,24.8,1631398544624
0.0,0.0,5.546,24.8,1631398544695
0.0,0.0,5.546,24.8,1631398544763
0.0,0.0,5.546,24.8,1631398544832
0.0,0.0,5.546,24.8,1631398544903
0.0,0.0,5.546,24.8,1631398544974
35.16337203979492,139.61412048339844,5.546,24.8,1631398544974
0.0,0.0,5.557,24.8,1631398545055
0.0,0.0,5.557,24.8,1631398545113
0.0,0.0,5.557,24.8,1631398545183
0.0,0.0,5.557,24.8,1631398545253
0.0,0.0,5.557,24.8,1631398545322
0.0,0.0,5.557,24.8,1631398545393
0.0,0.0,5.557,24.8,1631398545463
0.0,0.0,5.557,24.8,1631398545533
0.0,0.0,5.557,24.8,1631398545606
0.0,0.0,5.567,24.8,1631398545672
0.0,0.0,5.567,24.8,1631398545742
0.0,0.0,5.578,24.8,1631398545812
0.0,0.0,5.567,24.8,1631398545883
0.0,0.0,5.578,24.8,1631398545955
0.0,0.0,5.578,24.8,1631398546035
35.16337966918945,139.61410522460938,5.578,24.8,1631398546035
0.0,0.0,5.567,24.8,1631398546093
0.0,0.0,5.578,24.8,1631398546163
0.0,0.0,5.578,24.8,1631398546234
0.0,0.0,5.567,24.8,1631398546305
0.0,0.0,5.567,24.8,1631398546374
0.0,0.0,5.567,24.8,1631398546443
0.0,0.0,5.567,24.8,1631398546534
0.0,0.0,5.567,24.8,1631398546599
0.0,0.0,5.567,24.8,1631398546653
0.0,0.0,5.567,24.8,1631398547174
35.163387298583984,139.61410522460938,5.567,24.8,1631398547174
0.0,0.0,5.567,24.8,1631398547197
0.0,0.0,5.567,24.8,1631398547203
0.0,0.0,5.567,24.8,1631398547210
0.0,0.0,5.567,24.8,1631398547219
0.0,0.0,5.567,24.8,1631398547223
0.0,0.0,5.567,24.8,1631398547227
0.0,0.0,5.557,24.8,1631398547286
0.0,0.0,5.557,24.8,1631398547353
0.0,0.0,5.567,24.8,1631398547423
0.0,0.0,5.567,24.8,1631398547493
0.0,0.0,5.567,24.8,1631398547562
0.0,0.0,5.567,24.8,1631398547640
0.0,0.0,5.567,24.8,1631398547706
0.0,0.0,5.578,24.8,1631398547866
0.0,0.0,5.578,24.8,1631398547869
0.0,0.0,5.578,24.8,1631398547916
0.0,0.0,5.578,24.8,1631398547986
35.163394927978516,139.6140899658203,5.578,24.8,1631398547986
0.0,0.0,5.578,24.8,1631398548056
0.0,0.0,5.567,24.8,1631398548126
0.0,0.0,5.588,24.8,1631398548195
0.0,0.0,5.588,24.8,1631398548269
0.0,0.0,5.588,24.8,1631398548335
0.0,0.0,5.598,24.8,1631398548405
0.0,0.0,5.588,24.8,1631398548581
0.0,0.0,5.588,24.8,1631398548616
0.0,0.0,5.598,24.8,1631398548685
0.0,0.0,5.598,24.8,1631398548755
0.0,0.0,5.609,24.8,1631398548825
0.0,0.0,5.609,24.8,1631398548895
0.0,0.0,5.609,24.8,1631398548965
0.0,0.0,5.609,24.8,1631398549035
35.16340255737305,139.61407470703125,5.609,24.8,1631398549035
0.0,0.0,5.619,24.8,1631398549105
0.0,0.0,5.619,24.8,1631398549177
0.0,0.0,5.63,24.8,1631398549249
0.0,0.0,5.63,24.8,1631398549316
0.0,0.0,5.63,24.8,1631398549390
0.0,0.0,5.63,24.8,1631398549474
0.0,0.0,5.63,24.8,1631398549540
0.0,0.0,5.63,24.8,1631398549595
0.0,0.0,5.63,24.8,1631398549665
0.0,0.0,5.63,24.8,1631398549739
0.0,0.0,5.63,24.8,1631398549809
0.0,0.0,5.63,24.8,1631398549875
0.0,0.0,5.63,24.8,1631398549946
0.0,0.0,5.64,24.8,1631398550025
35.16341018676758,139.6140594482422,5.64,24.8,1631398550025
0.0,0.0,5.63,24.8,1631398550086
0.0,0.0,5.63,24.8,1631398550159
0.0,0.0,5.63,24.8,1631398550227
0.0,0.0,5.63,24.8,1631398550296
0.0,0.0,5.63,24.8,1631398550366
0.0,0.0,5.64,24.8,1631398550438
0.0,0.0,5.63,24.8,1631398550508
0.0,0.0,5.63,25.0,1631398550575
0.0,0.0,5.63,25.0,1631398550645
0.0,0.0,5.63,25.0,1631398550730
0.0,0.0,5.64,25.0,1631398550786
0.0,0.0,5.64,25.0,1631398550855
0.0,0.0,5.64,25.0,1631398550925
0.0,0.0,5.64,25.0,1631398550995
35.16341781616211,139.6140594482422,5.64,25.0,1631398550995
0.0,0.0,5.64,25.0,1631398551066
0.0,0.0,5.64,25.0,1631398551136
0.0,0.0,5.64,25.0,1631398551208
0.0,0.0,5.64,25.0,1631398551275
0.0,0.0,5.64,25.0,1631398551350
0.0,0.0,5.651,25.0,1631398551418
0.0,0.0,5.64,25.0,1631398551485
0.0,0.0,5.651,25.0,1631398552260
35.16342544555664,139.61404418945312,5.651,25.0,1631398552260
0.0,0.0,5.651,25.0,1631398552278
0.0,0.0,5.661,25.0,1631398552289
0.0,0.0,5.671,25.0,1631398552295
0.0,0.0,5.682,25.0,1631398552301
0.0,0.0,5.682,25.0,1631398552305
0.0,0.0,5.692,25.0,1631398552314
0.0,0.0,5.682,25.0,1631398552319
0.0,0.0,5.692,25.0,1631398552322
0.0,0.0,5.692,25.0,1631398552326
0.0,0.0,5.692,25.0,1631398552552
0.0,0.0,5.692,25.0,1631398552555
0.0,0.0,5.692,25.0,1631398552559
0.0,0.0,5.692,25.0,1631398552594
0.0,0.0,5.692,25.0,1631398552662
0.0,0.0,5.692,25.0,1631398552858
0.0,0.0,5.682,25.0,1631398552861
0.0,0.0,5.682,25.0,1631398552872
0.0,0.0,5.682,25.0,1631398552941
35.16343307495117,139.61402893066406,5.682,25.0,1631398552941
0.0,0.0,5.692,25.0,1631398553153
0.0,0.0,5.692,25.0,1631398553158
0.0,0.0,5.682,25.0,1631398553162
0.0,0.0,5.692,25.0,1631398553222
0.0,0.0,5.692,25.0,1631398553460
0.0,0.0,5.692,25.0,1631398553470
0.0,0.0,5.682,25.0,1631398553483
0.0,0.0,5.692,25.0,1631398553507
0.0,0.0,5.692,25.0,1631398553577
0.0,0.0,5.692,25.0,1631398553759
0.0,0.0,5.692,25.0,1631398553762
0.0,0.0,5.692,25.0,1631398553783
0.0,0.0,5.692,25.0,1631398553857
0.0,0.0,5.682,25.0,1631398554070
35.1634407043457,139.61402893066406,5.682,25.0,1631398554070
0.0,0.0,5.682,25.0,1631398554079
0.0,0.0,5.671,25.0,1631398554084
0.0,0.0,5.661,25.0,1631398554131
0.0,0.0,5.651,25.0,1631398554373
0.0,0.0,5.661,25.0,1631398554378
0.0,0.0,5.671,25.0,1631398554385
0.0,0.0,5.682,25.0,1631398554419
0.0,0.0,5.682,25.0,1631398554482
0.0,0.0,5.682,25.0,1631398554677
0.0,0.0,5.682,25.0,1631398554687
0.0,0.0,5.682,25.0,1631398554694
0.0,0.0,5.692,25.0,1631398554765
0.0,0.0,5.692,25.0,1631398554831
0.0,0.0,5.703,25.0,1631398554901
0.0,0.0,5.703,25.0,1631398554985
35.163448333740234,139.614013671875,5.703,25.0,1631398554985
0.0,0.0,5.703,25.0,1631398555047
0.0,0.0,5.713,25.0,1631398555116
0.0,0.0,5.703,25.0,1631398555181
0.0,0.0,5.703,25.0,1631398555255
0.0,0.0,5.713,25.0,1631398555322
0.0,0.0,5.713,25.0,1631398555391
0.0,0.0,5.713,25.0,1631398555476
0.0,0.0,5.713,25.0,1631398555650
0.0,0.0,5.723,25.0,1631398555654
0.0,0.0,5.734,25.0,1631398555671
0.0,0.0,5.723,25.0,1631398555744
0.0,0.0,5.734,25.0,1631398555811
0.0,0.0,5.734,25.0,1631398555881
0.0,0.0,5.744,25.0,1631398555951
0.0,0.0,5.755,25.0,1631398556031
35.16345977783203,139.61399841308594,5.755,25.0,1631398556031
0.0,0.0,5.755,25.0,1631398556091
0.0,0.0,5.765,25.0,1631398556164
0.0,0.0,5.765,25.0,1631398556231
0.0,0.0,5.775,25.0,1631398556302
0.0,0.0,5.775,25.0,1631398556372
0.0,0.0,5.775,25.0,1631398556444
0.0,0.0,5.775,25.0,1631398556514
0.0,0.0,5.765,25.0,1631398556581
0.0,0.0,5.765,25.0,1631398556654
0.0,0.0,5.765,25.0,1631398557183
35.1634635925293,139.61399841308594,5.765,25.0,1631398557183
0.0,0.0,5.775,25.0,1631398557193
0.0,0.0,5.775,25.0,1631398557200
0.0,0.0,5.775,25.0,1631398557204
0.0,0.0,5.775,25.0,1631398557211
0.0,0.0,5.775,25.0,1631398557215
0.0,0.0,5.775,25.0,1631398557225
0.0,0.0,5.786,25.0,1631398557286
0.0,0.0,5.796,25.0,1631398557352
0.0,0.0,5.796,25.0,1631398557430
0.0,0.0,5.796,25.0,1631398557492
0.0,0.0,5.807,25.0,1631398557564
0.0,0.0,5.796,25.0,1631398557631
0.0,0.0,5.796,25.0,1631398557704
0.0,0.0,5.807,25.0,1631398557772
0.0,0.0,5.807,25.0,1631398557841
0.0,0.0,5.796,25.0,1631398557912
0.0,0.0,5.796,25.0,1631398557984
35.163475036621094,139.61398315429688,5.796,25.0,1631398557984
0.0,0.0,5.796,25.0,1631398558052
0.0,0.0,5.796,25.0,1631398558121
0.0,0.0,5.796,25.0,1631398558195
0.0,0.0,5.786,25.0,1631398558264
0.0,0.0,5.786,25.0,1631398558335
0.0,0.0,5.796,25.0,1631398558411
0.0,0.0,5.807,25.0,1631398558478
0.0,0.0,5.807,25.0,1631398558552
0.0,0.0,5.807,25.0,1631398558611
0.0,0.0,5.817,25.0,1631398558681
0.0,0.0,5.817,25.0,1631398558751
0.0,0.0,5.817,25.0,1631398558925
0.0,0.0,5.827,25.0,1631398558928
0.0,0.0,5.827,25.0,1631398558962
0.0,0.0,5.827,25.0,1631398559054
35.163482666015625,139.6139678955078,5.827,25.0,1631398559054
0.0,0.0,5.827,25.0,1631398559113
0.0,0.0,5.827,25.0,1631398559171
0.0,0.0,5.827,25.0,1631398559241
0.0,0.0,5.827,25.0,1631398559321
0.0,0.0,5.848,25.0,1631398559383
0.0,0.0,5.859,25.0,1631398559452
0.0,0.0,5.848,25.0,1631398559534
0.0,0.0,5.838,25.0,1631398559594
0.0,0.0,5.848,25.0,1631398559663
0.0,0.0,5.848,25.0,1631398559732
0.0,0.0,5.859,25.0,1631398559801
0.0,0.0,5.869,25.0,1631398559871
0.0,0.0,5.879,25.0,1631398559941
0.0,0.0,5.879,25.0,1631398560054
35.163490295410156,139.6139678955078,5.879,25.0,1631398560054
0.0,0.0,5.9,25.0,1631398560084
0.0,0.0,5.9,25.0,1631398560155
0.0,0.0,5.911,25.0,1631398560223
0.0,0.0,5.911,25.0,1631398560291
0.0,0.0,5.921,25.0,1631398560361
0.0,0.0,5.931,25.0,1631398560431
0.0,0.0,5.931,25.0,1631398560501
0.0,0.0,5.942,25.0,1631398560571
0.0,0.0,5.942,25.0,1631398560641
0.0,0.0,5.931,25.0,1631398560712
0.0,0.0,5.942,25.0,1631398560782
0.0,0.0,5.942,25.0,1631398560851
0.0,0.0,5.942,25.0,1631398560921
0.0,0.0,5.942,25.0,1631398560992
35.16349792480469,139.61395263671875,5.942,25.0,1631398560992
0.0,0.0,5.942,25.0,1631398561065
0.0,0.0,5.952,25.0,1631398561133
0.0,0.0,5.952,25.0,1631398561203
0.0,0.0,5.952,25.0,1631398561284
0.0,0.0,5.952,25.0,1631398561341
0.0,0.0,5.952,25.0,1631398561412
0.0,0.0,5.963,25.0,1631398561481
0.0,0.0,5.963,25.0,1631398561556
0.0,0.0,5.952,25.0,1631398561621
0.0,0.0,5.952,25.0,1631398562201
35.16350555419922,139.6139373779297,5.952,25.0,1631398562201
0.0,0.0,5.952,25.0,1631398562212
0.0,0.0,5.952,25.0,1631398562220
0.0,0.0,5.963,25.0,1631398562228
0.0,0.0,5.963,25.0,1631398562237
0.0,0.0,5.952,25.0,1631398562242
0.0,0.0,5.942,25.0,1631398562245
0.0,0.0,5.931,25.0,1631398562255
0.0,0.0,5.931,25.0,1631398562321
0.0,0.0,5.921,25.0,1631398562391
0.0,0.0,5.921,25.0,1631398562462
0.0,0.0,5.921,24.8,1631398562533
0.0,0.0,5.921,24.8,1631398562603
0.0,0.0,5.921,24.8,1631398562672
0.0,0.0,5.911,24.8,1631398562741
0.0,0.0,5.911,24.8,1631398562917
0.0,0.0,5.921,24.8,1631398562920
0.0,0.0,5.921,24.8,1631398562951
0.0,0.0,5.921,24.8,1631398563033
35.16351318359375,139.6139373779297,5.921,24.8,1631398563033
0.0,0.0,5.921,24.8,1631398563091
0.0,0.0,5.921,24.8,1631398563161
0.0,0.0,5.921,24.8,1631398563233
0.0,0.0,5.931,24.8,1631398563305
0.0,0.0,5.931,24.8,1631398563371
0.0,0.0,5.921,24.8,1631398563442
0.0,0.0,5.911,24.8,1631398563511
0.0,0.0,5.9,24.8,1631398563581
0.0,0.0,5.89,24.8,1631398563651
0.0,0.0,5.869,24.8,1631398563721
0.0,0.0,5.848,24.8,1631398563795
0.0,0.0,5.827,24.8,1631398563861
0.0,0.0,5.817,24.8,1631398563940
0.0,0.0,5.796,24.8,1631398564008
35.16352081298828,139.61392211914062,5.796,24.8,1631398564008
0.0,0.0,5.796,24.8,1631398564071
0.0,0.0,5.775,24.8,1631398564145
0.0,0.0,5.755,24.8,1631398564217
0.0,0.0,5.734,24.8,1631398564283
0.0,0.0,5.713,24.8,1631398564453
0.0,0.0,5.692,24.8,1631398564457
0.0,0.0,5.671,24.8,1631398564511
0.0,0.0,5.651,24.8,1631398564561
0.0,0.0,5.63,24.8,1631398564631
0.0,0.0,5.609,24.8,1631398564704
0.0,0.0,5.588,24.8,1631398564772
0.0,0.0,5.567,24.8,1631398564841
0.0,0.0,5.567,24.8,1631398564910
0.0,0.0,5.557,24.8,1631398564982
35.16352844238281,139.61390686035156,5.557,24.8,1631398564982
0.0,0.0,5.546,24.8,1631398565051
0.0,0.0,5.515,24.8,1631398565122
0.0,0.0,5.515,24.8,1631398565191
0.0,0.0,5.515,24.8,1631398565262
0.0,0.0,5.526,24.8,1631398565331
0.0,0.0,5.505,24.8,1631398565407
0.0,0.0,5.484,24.8,1631398565472
0.0,0.0,5.474,24.8,1631398565542
0.0,0.0,5.463,24.8,1631398565615
0.0,0.0,5.453,24.8,1631398565682
0.0,0.0,5.463,24.8,1631398565752
0.0,0.0,5.453,24.8,1631398565824
0.0,0.0,5.453,24.8,1631398565894
0.0,0.0,5.463,24.8,1631398565964
35.163536071777344,139.6138916015625,5.463,24.8,1631398565964
0.0,0.0,5.474,24.8,1631398566042
0.0,0.0,5.484,24.8,1631398566104
0.0,0.0,5.505,24.8,1631398566176
0.0,0.0,5.515,24.8,1631398566247
0.0,0.0,5.505,24.8,1631398566318
0.0,0.0,5.526,24.8,1631398566384
0.0,0.0,5.536,24.8,1631398566454
0.0,0.0,5.546,24.8,1631398566524
0.0,0.0,5.578,24.8,1631398566600
0.0,0.0,5.588,24.8,1631398567218
35.163543701171875,139.61387634277344,5.588,24.8,1631398567218
0.0,0.0,5.609,24.8,1631398567235
0.0,0.0,5.619,24.8,1631398567267
0.0,0.0,5.63,24.8,1631398567281
0.0,0.0,5.64,24.8,1631398567285
0.0,0.0,5.63,24.8,1631398567289
0.0,0.0,5.64,24.8,1631398567298
0.0,0.0,5.609,24.8,1631398567505
0.0,0.0,5.609,24.8,1631398567574
0.0,0.0,5.598,24.8,1631398567646
0.0,0.0,5.598,24.8,1631398567714
0.0,0.0,5.598,24.8,1631398567785
0.0,0.0,5.609,24.8,1631398567855
0.0,0.0,5.63,24.8,1631398567923
0.0,0.0,5.64,24.8,1631398568008
35.163551330566406,139.61386108398438,5.64,24.8,1631398568008
0.0,0.0,5.671,24.8,1631398568064
0.0,0.0,5.692,24.8,1631398568134
0.0,0.0,5.713,24.8,1631398568206
0.0,0.0,5.744,24.8,1631398568276
0.0,0.0,5.765,24.8,1631398568344
0.0,0.0,5.817,24.8,1631398568414
0.0,0.0,5.838,24.8,1631398568498
0.0,0.0,5.827,25.0,1631398568555
0.0,0.0,5.848,25.0,1631398568624
0.0,0.0,5.838,25.0,1631398568694
0.0,0.0,5.848,25.0,1631398568834
0.0,0.0,5.869,25.0,1631398568904
0.0,0.0,5.9,25.0,1631398568974
35.16355514526367,139.61386108398438,5.9,25.0,1631398568974
0.0,0.0,5.911,25.0,1631398569045
0.0,0.0,5.921,25.0,1631398569119
0.0,0.0,5.942,25.0,1631398569183
0.0,0.0,5.942,25.0,1631398569265
0.0,0.0,5.952,25.0,1631398569326
0.0,0.0,5.952,25.0,1631398569394
0.0,0.0,5.963,25.0,1631398569464
0.0,0.0,5.973,25.0,1631398569535
0.0,0.0,6.004,25.0,1631398569610
0.0,0.0,6.046,25.0,1631398569779
0.0,0.0,6.067,25.0,1631398569784
0.0,0.0,6.098,25.0,1631398569817
0.0,0.0,6.119,25.0,1631398569887
0.0,0.0,6.16,25.0,1631398569955
0.0,0.0,6.181,25.0,1631398570034
35.1635627746582,139.6138458251953,6.181,25.0,1631398570034
0.0,0.0,6.192,25.0,1631398570099
0.0,0.0,6.171,25.0,1631398570171
0.0,0.0,6.16,25.0,1631398570250
0.0,0.0,6.171,25.0,1631398570307
0.0,0.0,6.171,25.0,1631398570380
0.0,0.0,6.171,25.0,1631398570449
0.0,0.0,6.16,25.0,1631398570530
0.0,0.0,6.15,25.0,1631398570594
0.0,0.0,6.129,25.0,1631398570660
0.0,0.0,6.119,25.0,1631398570729
0.0,0.0,6.119,25.0,1631398570799
0.0,0.0,6.129,25.0,1631398570868
0.0,0.0,6.119,25.0,1631398570942
0.0,0.0,6.15,25.0,1631398571008
35.163570404052734,139.61383056640625,6.15,25.0,1631398571008
0.0,0.0,6.16,25.0,1631398571078
0.0,0.0,6.15,25.0,1631398571151
0.0,0.0,6.14,25.0,1631398571220
0.0,0.0,6.129,25.0,1631398571288
0.0,0.0,6.129,25.0,1631398571358
0.0,0.0,6.129,25.0,1631398571441
0.0,0.0,6.14,25.0,1631398571501
0.0,0.0,6.14,25.0,1631398572258
35.163578033447266,139.6138153076172,6.14,25.0,1631398572258
0.0,0.0,6.14,25.0,1631398572279
0.0,0.0,6.14,25.0,1631398572299
0.0,0.0,6.14,25.0,1631398572307
0.0,0.0,6.14,25.0,1631398572311
0.0,0.0,6.129,25.0,1631398572316
0.0,0.0,6.129,25.0,1631398572321
0.0,0.0,6.119,25.0,1631398572328
0.0,0.0,6.119,25.0,1631398572332
0.0,0.0,6.119,25.0,1631398572335
0.0,0.0,6.129,25.0,1631398572339
0.0,0.0,6.129,25.0,1631398572556
0.0,0.0,6.14,25.0,1631398572562
0.0,0.0,6.14,25.0,1631398572567
0.0,0.0,6.15,25.0,1631398572599
0.0,0.0,6.15,25.0,1631398572666
0.0,0.0,6.15,25.0,1631398572848
0.0,0.0,6.15,25.0,1631398572851
0.0,0.0,6.16,25.0,1631398572877
0.0,0.0,6.171,25.0,1631398572947
35.1635856628418,139.61380004882812,6.171,25.0,1631398572947
0.0,0.0,6.171,25.0,1631398573133
0.0,0.0,6.181,25.0,1631398573141
0.0,0.0,6.181,25.0,1631398573164
0.0,0.0,6.192,25.0,1631398573226
0.0,0.0,6.192,25.0,1631398573436
0.0,0.0,6.192,25.0,1631398573444
0.0,0.0,6.192,25.0,1631398573449
0.0,0.0,6.202,25.0,1631398573507
0.0,0.0,6.202,25.0,1631398573735
0.0,0.0,6.202,25.0,1631398573739
0.0,0.0,6.202,25.0,1631398573747
0.0,0.0,6.202,25.0,1631398573787
0.0,0.0,6.212,25.0,1631398574053
35.16359329223633,139.61380004882812,6.212,25.0,1631398574053
0.0,0.0,6.212,25.0,1631398574074
0.0,0.0,6.223,25.0,1631398574080
0.0,0.0,6.244,25.0,1631398574084
0.0,0.0,6.254,25.0,1631398574136
0.0,0.0,6.254,25.0,1631398574350
0.0,0.0,6.254,25.0,1631398574357
0.0,0.0,6.265,25.0,1631398574371
0.0,0.0,6.265,25.0,1631398574417
0.0,0.0,6.265,25.0,1631398574657
0.0,0.0,6.254,25.0,1631398574670
0.0,0.0,6.254,25.0,1631398574678
0.0,0.0,6.254,25.0,1631398574699
0.0,0.0,6.254,25.0,1631398574773
0.0,0.0,6.244,25.0,1631398574837
0.0,0.0,6.244,25.0,1631398574906
0.0,0.0,6.244,25.0,1631398575000
35.16360092163086,139.61378479003906,6.244,25.0,1631398575000
0.0,0.0,6.244,25.0,1631398575046
0.0,0.0,6.254,25.0,1631398575117
0.0,0.0,6.244,25.0,1631398575186
0.0,0.0,6.244,25.0,1631398575270
0.0,0.0,6.233,25.0,1631398575341
0.0,0.0,6.244,25.0,1631398575396
0.0,0.0,6.233,25.0,1631398575467
0.0,0.0,6.233,25.0,1631398575536
0.0,0.0,6.244,25.0,1631398575606
0.0,0.0,6.244,25.0,1631398575676
0.0,0.0,6.233,25.0,1631398575747
0.0,0.0,6.233,25.0,1631398575818
0.0,0.0,6.233,25.0,1631398575887
0.0,0.0,6.233,25.0,1631398575955
0.0,0.0,6.233,25.0,1631398576036
35.16360855102539,139.61376953125,6.233,25.0,1631398576036
0.0,0.0,6.233,25.0,1631398576096
0.0,0.0,6.233,25.0,1631398576168
0.0,0.0,6.233,25.0,1631398576237
0.0,0.0,6.223,25.0,1631398576447
0.0,0.0,6.223,25.0,1631398576516
0.0,0.0,6.223,25.0,1631398576586
0.0,0.0,6.223,25.0,1631398576656
0.0,0.0,6.223,25.0,1631398577254
35.16361618041992,139.61376953125,6.223,25.0,1631398577254
0.0,0.0,6.223,25.0,1631398577273
0.0,0.0,6.223,25.0,1631398577303
0.0,0.0,6.223,25.0,1631398577308
0.0,0.0,6.223,25.0,1631398577311
0.0,0.0,6.233,25.0,1631398577315
0.0,0.0,6.233,25.0,1631398577318
0.0,0.0,6.233,25.0,1631398577321
0.0,0.0,6.233,25.0,1631398577356
0.0,0.0,6.233,25.0,1631398577426
0.0,0.0,6.233,25.0,1631398577504
0.0,0.0,6.233,25.0,1631398577573
0.0,0.0,6.233,25.0,1631398577637
0.0,0.0,6.244,25.0,1631398577707
0.0,0.0,6.254,25.0,1631398577776
0.0,0.0,6.244,25.0,1631398577848
0.0,0.0,6.244,25.0,1631398577916
0.0,0.0,6.254,25.0,1631398577986
35.16361999511719,139.61375427246094,6.254,25.0,1631398577986
0.0,0.0,6.244,25.0,1631398578057
0.0,0.0,6.244,25.0,1631398578129
0.0,0.0,6.254,25.0,1631398578200
0.0,0.0,6.254,25.0,1631398578266
0.0,0.0,6.254,25.0,1631398578341
0.0,0.0,6.254,25.0,1631398578406
0.0,0.0,6.254,25.0,1631398578486
0.0,0.0,6.265,25.0,1631398578546
0.0,0.0,6.265,25.0,1631398578673
0.0,0.0,6.265,25.0,1631398578686
0.0,0.0,6.275,25.0,1631398578759
0.0,0.0,6.275,25.0,1631398578826
0.0,0.0,6.275,25.0,1631398578896
0.0,0.0,6.275,25.0,1631398578967
0.0,0.0,6.275,25.0,1631398579044
35.163631439208984,139.61373901367188,6.275,25.0,1631398579044
0.0,0.0,6.285,25.0,1631398579106
0.0,0.0,6.285,25.0,1631398579176
0.0,0.0,6.296,25.0,1631398579247
0.0,0.0,6.306,25.0,1631398579319
0.0,0.0,6.306,25.0,1631398579387
0.0,0.0,6.306,25.0,1631398579456
0.0,0.0,6.317,25.0,1631398579527
0.0,0.0,6.317,25.0,1631398579596
0.0,0.0,6.327,25.0,1631398579666
0.0,0.0,6.327,25.0,1631398579736
0.0,0.0,6.327,25.0,1631398579809
0.0,0.0,6.327,25.0,1631398579876
0.0,0.0,6.327,25.0,1631398579948
35.16363525390625,139.61373901367188,6.327,25.0,1631398579948
0.0,0.0,6.327,25.0,1631398580086
0.0,0.0,6.348,25.0,1631398580156
0.0,0.0,6.348,25.0,1631398580227
0.0,0.0,6.348,25.0,1631398580299
0.0,0.0,6.348,25.0,1631398580366
0.0,0.0,6.348,25.0,1631398580437
0.0,0.0,6.358,25.0,1631398580515
0.0,0.0,6.358,25.0,1631398580580
0.0,0.0,6.358,25.0,1631398580655
0.0,0.0,6.369,25.0,1631398580736
0.0,0.0,6.379,25.0,1631398580787
0.0,0.0,6.379,25.0,1631398580856
0.0,0.0,6.389,25.0,1631398580926
0.0,0.0,6.389,25.0,1631398581020
35.16364288330078,139.6137237548828,6.389,25.0,1631398581020
0.0,0.0,6.4,25.0,1631398581066
0.0,0.0,6.41,25.0,1631398581138
0.0,0.0,6.431,25.0,1631398581207
0.0,0.0,6.452,25.0,1631398581278
0.0,0.0,6.452,25.0,1631398581453
0.0,0.0,6.452,25.0,1631398581456
0.0,0.0,6.452,25.0,1631398581497
0.0,0.0,6.462,25.0,1631398581556
0.0,0.0,6.452,25.0,1631398581626
0.0,0.0,6.462,25.0,1631398582175
35.16365051269531,139.61370849609375,6.462,25.0,1631398582175
0.0,0.0,6.473,25.0,1631398582186
0.0,0.0,6.473,25.0,1631398582200
0.0,0.0,6.483,25.0,1631398582203
0.0,0.0,6.473,25.0,1631398582211
0.0,0.0,6.483,25.0,1631398582219
0.0,0.0,6.483,25.0,1631398582223
0.0,0.0,6.483,25.0,1631398582257
0.0,0.0,6.483,25.0,1631398582327
0.0,0.0,6.473,25.0,1631398582396
0.0,0.0,6.462,25.0,1631398582466
0.0,0.0,6.462,25.0,1631398582547
0.0,0.0,6.452,25.0,1631398582606
0.0,0.0,6.462,25.0,1631398582677
0.0,0.0,6.462,25.0,1631398582747
0.0,0.0,6.462,25.0,1631398582817
0.0,0.0,6.462,25.0,1631398582886
0.0,0.0,6.452,25.0,1631398582957
35.163658142089844,139.6136932373047,6.452,25.0,1631398582957
0.0,0.0,6.441,25.0,1631398583055
0.0,0.0,6.452,25.0,1631398583102
0.0,0.0,6.441,25.0,1631398583166
0.0,0.0,6.441,25.0,1631398583237
0.0,0.0,6.431,25.0,1631398583306
0.0,0.0,6.431,25.0,1631398583376
0.0,0.0,6.41,25.0,1631398583448
0.0,0.0,6.4,25.0,1631398583531
0.0,0.0,6.4,25.0,1631398583587
0.0,0.0,6.4,25.0,1631398583656
0.0,0.0,6.4,25.0,1631398583726
0.0,0.0,6.369,25.0,1631398583807
0.0,0.0,6.369,25.0,1631398583866
0.0,0.0,6.358,25.0,1631398583936
0.0,0.0,6.337,25.0,1631398584029
35.16366195678711,139.61367797851562,6.337,25.0,1631398584029
0.0,0.0,6.306,25.0,1631398584077
0.0,0.0,6.317,25.0,1631398584147
0.0,0.0,6.306,25.0,1631398584319
0.0,0.0,6.285,25.0,1631398584326
0.0,0.0,6.285,25.0,1631398584357
0.0,0.0,6.275,25.0,1631398584429
0.0,0.0,6.265,25.0,1631398584497
0.0,0.0,6.254,25.0,1631398584566
0.0,0.0,6.244,25.0,1631398584636
0.0,0.0,6.233,25.0,1631398584706
0.0,0.0,6.212,25.0,1631398584782
0.0,0.0,6.212,25.0,1631398584846
0.0,0.0,6.212,25.0,1631398584915
0.0,0.0,6.192,25.0,1631398584992
35.16366958618164,139.61367797851562,6.192,25.0,1631398584992
0.0,0.0,6.181,25.0,1631398585064
0.0,0.0,6.171,25.0,1631398585128
0.0,0.0,6.171,25.0,1631398585198
0.0,0.0,6.171,25.0,1631398585268
0.0,0.0,6.14,25.0,1631398585342
0.0,0.0,6.14,25.0,1631398585407
0.0,0.0,6.129,25.0,1631398585487
0.0,0.0,6.119,25.0,1631398585547
0.0,0.0,6.108,25.0,1631398585616
0.0,0.0,6.108,25.0,1631398585686
0.0,0.0,6.088,25.0,1631398585756
0.0,0.0,6.077,25.0,1631398585828
0.0,0.0,6.046,25.0,1631398585895
0.0,0.0,6.036,25.0,1631398585971
0.0,0.0,6.036,25.0,1631398586044
35.163673400878906,139.61366271972656,6.036,25.0,1631398586044
0.0,0.0,6.025,25.0,1631398586106
0.0,0.0,6.025,25.0,1631398586176
0.0,0.0,6.015,25.0,1631398586247
0.0,0.0,6.046,25.0,1631398586317
0.0,0.0,6.015,25.0,1631398586388
0.0,0.0,6.015,25.0,1631398586456
0.0,0.0,6.015,25.0,1631398586528
0.0,0.0,6.015,25.0,1631398586608
0.0,0.0,6.004,25.0,1631398587187
35.16367721557617,139.6136474609375,6.004,25.0,1631398587187
0.0,0.0,5.994,25.0,1631398587202
0.0,0.0,6.004,25.0,1631398587209
0.0,0.0,6.015,25.0,1631398587227
0.0,0.0,6.015,25.0,1631398587236
0.0,0.0,6.015,25.0,1631398587248
0.0,0.0,6.015,25.0,1631398587252
0.0,0.0,5.994,25.0,1631398587255
0.0,0.0,5.984,25.0,1631398587296
0.0,0.0,5.984,25.0,1631398587366
0.0,0.0,5.973,25.0,1631398587434
0.0,0.0,5.952,25.0,1631398587504
0.0,0.0,5.942,25.0,1631398587574
0.0,0.0,5.931,25.0,1631398587643
0.0,0.0,5.921,25.0,1631398587719
0.0,0.0,5.9,25.0,1631398587785
0.0,0.0,5.89,25.0,1631398587853
0.0,0.0,5.869,25.0,1631398587928
0.0,0.0,5.838,25.0,1631398587997
0.0,0.0,5.827,25.0,1631398588064
0.0,0.0,5.807,25.0,1631398588149
0.0,0.0,5.807,25.0,1631398588209
0.0,0.0,5.786,25.0,1631398588276
0.0,0.0,5.775,25.0,1631398588344
0.0,0.0,5.755,25.0,1631398588413
0.0,0.0,5.723,25.0,1631398588495
0.0,0.0,5.723,25.0,1631398588558
0.0,0.0,5.682,25.0,1631398588625
0.0,0.0,5.661,25.0,1631398588694
0.0,0.0,5.64,25.0,1631398588763
0.0,0.0,5.619,25.0,1631398588833
0.0,0.0,5.588,25.0,1631398588903
0.0,0.0,5.567,25.0,1631398588974
35.1636848449707,139.61363220214844,5.567,25.0,1631398588974
0.0,0.0,5.557,25.0,1631398589043
0.0,0.0,5.515,25.0,1631398589114
0.0,0.0,5.484,25.0,1631398589183
0.0,0.0,5.463,25.0,1631398589254
0.0,0.0,5.442,25.0,1631398589324
0.0,0.0,5.422,25.0,1631398589395
0.0,0.0,5.401,25.0,1631398589465
0.0,0.0,5.401,25.0,1631398589604
0.0,0.0,5.39,25.0,1631398589744
0.0,0.0,5.38,25.0,1631398589813
0.0,0.0,5.37,25.0,1631398589884
0.0,0.0,5.359,25.0,1631398589954
0.0,0.0,5.349,25.0,1631398590027
0.0,0.0,5.349,25.0,1631398590094
0.0,0.0,5.349,25.0,1631398590171
0.0,0.0,5.359,25.0,1631398590234
0.0,0.0,5.37,25.0,1631398590303
0.0,0.0,5.39,25.0,1631398590378
0.0,0.0,5.401,25.0,1631398590462
0.0,0.0,5.411,25.0,1631398590514
0.0,0.0,5.432,25.0,1631398590583
0.0,0.0,5.442,25.0,1631398590656
0.0,0.0,5.453,25.0,1631398590724
0.0,0.0,5.474,25.0,1631398590793
0.0,0.0,5.474,25.0,1631398590872
0.0,0.0,5.494,25.0,1631398590937
0.0,0.0,5.515,25.0,1631398591015
35.163692474365234,139.61361694335938,5.515,25.0,1631398591015
0.0,0.0,5.515,25.0,1631398591081
0.0,0.0,5.536,25.0,1631398591150
0.0,0.0,5.546,25.0,1631398591240
0.0,0.0,5.567,25.0,1631398591294
0.0,0.0,5.567,25.0,1631398591366
0.0,0.0,5.588,25.0,1631398591427
0.0,0.0,5.609,25.0,1631398591497
0.0,0.0,5.63,25.0,1631398592252
0.0,0.0,5.651,25.0,1631398592266
0.0,0.0,5.671,25.0,1631398592272
0.0,0.0,5.703,25.0,1631398592281
0.0,0.0,5.713,25.0,1631398592291
0.0,0.0,5.713,25.0,1631398592294
0.0,0.0,5.734,25.0,1631398592299
0.0,0.0,5.755,25.0,1631398592305
0.0,0.0,5.755,25.0,1631398592312
0.0,0.0,5.775,25.0,1631398592319
0.0,0.0,5.807,25.0,1631398592321
0.0,0.0,5.796,25.0,1631398592553
0.0,0.0,5.807,25.0,1631398592557
0.0,0.0,5.807,25.0,1631398592565
0.0,0.0,5.807,25.0,1631398592598
0.0,0.0,5.807,25.0,1631398592667
0.0,0.0,5.796,25.0,1631398592837
0.0,0.0,5.796,25.0,1631398592845
0.0,0.0,5.786,25.0,1631398592874
0.0,0.0,5.807,25.0,1631398592949
35.1636962890625,139.6136016845703,5.807,25.0,1631398592949
0.0,0.0,5.807,25.0,1631398593112
0.0,0.0,5.786,25.0,1631398593116
0.0,0.0,5.827,25.0,1631398593154
0.0,0.0,5.807,25.0,1631398593224
0.0,0.0,5.796,25.0,1631398593413
0.0,0.0,5.796,25.0,1631398593417
0.0,0.0,5.796,25.0,1631398593437
0.0,0.0,5.786,25.0,1631398593504
0.0,0.0,5.796,25.0,1631398593717
0.0,0.0,5.827,25.0,1631398593720
0.0,0.0,5.848,25.0,1631398593727
0.0,0.0,5.838,25.0,1631398593782
0.0,0.0,5.838,25.0,1631398594028
0.0,0.0,5.817,25.0,1631398594038
0.0,0.0,5.817,25.0,1631398594042
0.0,0.0,5.807,25.0,1631398594077
0.0,0.0,5.796,25.0,1631398594133
0.0,0.0,5.786,25.0,1631398594331
0.0,0.0,5.775,25.0,1631398594336
0.0,0.0,5.755,25.0,1631398594347
0.0,0.0,5.755,25.0,1631398594412
0.0,0.0,5.734,25.0,1631398594637
0.0,0.0,5.723,25.0,1631398594640
0.0,0.0,5.744,25.0,1631398594772
0.0,0.0,5.765,25.0,1631398594833
0.0,0.0,5.786,25.0,1631398594903
0.0,0.0,5.796,25.0,1631398594974
35.163700103759766,139.61358642578125,5.796,25.0,1631398594974
0.0,0.0,5.796,25.0,1631398595044
0.0,0.0,5.817,25.0,1631398595117
0.0,0.0,5.848,25.0,1631398595183
0.0,0.0,5.869,25.0,1631398595254
0.0,0.0,5.869,25.0,1631398595324
0.0,0.0,5.859,25.0,1631398595396
0.0,0.0,5.879,25.0,1631398595466
0.0,0.0,5.869,25.0,1631398595535
0.0,0.0,5.9,25.0,1631398595605
0.0,0.0,5.921,25.0,1631398595788
0.0,0.0,5.952,25.0,1631398595815
0.0,0.0,5.984,25.0,1631398595886
0.0,0.0,6.004,25.0,1631398595955
0.0,0.0,5.984,25.0,1631398596027
0.0,0.0,5.984,25.0,1631398596094
0.0,0.0,5.973,25.0,1631398596164
0.0,0.0,5.984,25.0,1631398596236
0.0,0.0,6.015,25.0,1631398596306
0.0,0.0,6.036,25.0,1631398596376
0.0,0.0,6.046,25.0,1631398596447
0.0,0.0,6.077,25.0,1631398596534
0.0,0.0,6.098,25.0,1631398596587
0.0,0.0,6.119,25.0,1631398596659
0.0,0.0,6.14,25.0,1631398597222
35.16370391845703,139.6135711669922,6.14,25.0,1631398597222
0.0,0.0,6.171,25.0,1631398597233
0.0,0.0,6.181,25.0,1631398597241
0.0,0.0,6.212,25.0,1631398597248
0.0,0.0,6.233,25.0,1631398597256
0.0,0.0,6.233,25.0,1631398597261
0.0,0.0,6.244,25.0,1631398597264
0.0,0.0,6.233,25.0,1631398597291
0.0,0.0,6.233,25.0,1631398597358
0.0,0.0,6.254,25.0,1631398597430
0.0,0.0,6.254,25.0,1631398597497
0.0,0.0,6.244,25.0,1631398597567
0.0,0.0,6.244,25.0,1631398597639
0.0,0.0,6.244,25.0,1631398597728
0.0,0.0,6.275,25.0,1631398597776
0.0,0.0,6.275,25.0,1631398597847
0.0,0.0,6.285,25.0,1631398597920
0.0,0.0,6.285,25.0,1631398597987
0.0,0.0,6.285,25.0,1631398598057
0.0,0.0,6.275,25.0,1631398598127
0.0,0.0,6.275,25.0,1631398598201
0.0,0.0,6.285,25.0,1631398598268
0.0,0.0,6.285,25.0,1631398598336
0.0,0.0,6.296,25.0,1631398598406
0.0,0.0,6.317,25.0,1631398598478
0.0,0.0,6.317,25.0,1631398598547
0.0,0.0,6.317,25.0,1631398598617
0.0,0.0,6.317,25.0,1631398598688
0.0,0.0,6.327,25.0,1631398598760
0.0,0.0,6.337,25.0,1631398598826
0.0,0.0,6.327,25.0,1631398598897
0.0,0.0,6.337,25.0,1631398598967
0.0,0.0,6.337,25.0,1631398599040
35.1637077331543,139.6135711669922,6.337,25.0,1631398599040
0.0,0.0,6.337,25.0,1631398599107
0.0,0.0,6.337,25.0,1631398599177
0.0,0.0,6.327,25.0,1631398599247
0.0,0.0,6.327,25.0,1631398599319
0.0,0.0,6.317,25.0,1631398599392
0.0,0.0,6.306,25.0,1631398599473
0.0,0.0,6.306,25.0,1631398599555
0.0,0.0,6.306,25.0,1631398599597
0.0,0.0,6.296,25.0,1631398599666
0.0,0.0,6.285,25.0,1631398599740
0.0,0.0,6.285,25.0,1631398599809
0.0,0.0,6.285,25.0,1631398599946
0.0,0.0,6.275,25.0,1631398600025
0.0,0.0,6.275,25.0,1631398600087
0.0,0.0,6.275,25.0,1631398600157
0.0,0.0,6.265,25.0,1631398600226
0.0,0.0,6.265,25.0,1631398600395
0.0,0.0,6.265,25.0,1631398600399
0.0,0.0,6.254,25.0,1631398600437
0.0,0.0,6.254,25.0,1631398600507
0.0,0.0,6.254,25.0,1631398600577
0.0,0.0,6.254,25.0,1631398600647
0.0,0.0,6.244,25.0,1631398600719
0.0,0.0,6.233,25.0,1631398600790
0.0,0.0,6.233,25.0,1631398600857
0.0,0.0,6.233,25.0,1631398600928
0.0,0.0,6.233,25.0,1631398600997
35.16371154785156,139.61355590820312,6.233,25.0,1631398600997
0.0,0.0,6.223,25.0,1631398601067
0.0,0.0,6.212,25.0,1631398601137
0.0,0.0,6.223,25.0,1631398601208
0.0,0.0,6.212,25.0,1631398601278
0.0,0.0,6.223,25.0,1631398601349
0.0,0.0,6.233,25.0,1631398601476
0.0,0.0,6.244,25.0,1631398601489
0.0,0.0,6.254,25.0,1631398601557
0.0,0.0,6.254,25.0,1631398601627
0.0,0.0,6.254,25.0,1631398602238
0.0,0.0,6.265,25.0,1631398602254
0.0,0.0,6.265,25.0,1631398602262
0.0,0.0,6.275,25.0,1631398602266
0.0,0.0,6.275,25.0,1631398602272
0.0,0.0,6.275,25.0,1631398602287
0.0,0.0,6.275,25.0,1631398602293
0.0,0.0,6.285,25.0,1631398602302
0.0,0.0,6.285,25.0,1631398602326
0.0,0.0,6.296,25.0,1631398602398
0.0,0.0,6.306,25.0,1631398602467
0.0,0.0,6.306,25.0,1631398602538
0.0,0.0,6.296,25.0,1631398602606
0.0,0.0,6.296,25.0,1631398602676
0.0,0.0,6.296,25.0,1631398602752
0.0,0.0,6.296,25.0,1631398602817
0.0,0.0,6.296,25.0,1631398602888
0.0,0.0,6.296,25.0,1631398602960
0.0,0.0,6.296,25.0,1631398603027
0.0,0.0,6.296,25.0,1631398603097
0.0,0.0,6.296,25.0,1631398603167
0.0,0.0,6.306,25.0,1631398603241
0.0,0.0,6.306,25.0,1631398603307
0.0,0.0,6.296,25.0,1631398603377
0.0,0.0,6.296,25.0,1631398603449
0.0,0.0,6.296,25.0,1631398603518
0.0,0.0,6.306,25.0,1631398603588
0.0,0.0,6.296,25.0,1631398603727
0.0,0.0,6.285,25.0,1631398603808
0.0,0.0,6.285,25.0,1631398603866
0.0,0.0,6.275,25.0,1631398603937
0.0,0.0,6.275,25.0,1631398604008
35.16371536254883,139.61354064941406,6.275,25.0,1631398604008
0.0,0.0,6.275,25.0,1631398604186
0.0,0.0,6.275,25.0,1631398604220
0.0,0.0,6.265,25.0,1631398604293
0.0,0.0,6.265,25.0,1631398604360
0.0,0.0,6.265,25.0,1631398604428
0.0,0.0,6.265,25.0,1631398604498
0.0,0.0,6.265,25.0,1631398604568
0.0,0.0,6.254,25.0,1631398604638
0.0,0.0,6.254,25.0,1631398604707
0.0,0.0,6.244,25.0,1631398604776
0.0,0.0,6.244,25.0,1631398604847
0.0,0.0,6.233,25.0,1631398604917
0.0,0.0,6.244,25.0,1631398604988
0.0,0.0,6.244,25.0,1631398605057
0.0,0.0,6.233,25.0,1631398605127
0.0,0.0,6.233,25.0,1631398605198
0.0,0.0,6.233,25.0,1631398605267
0.0,0.0,6.223,25.0,1631398605339
0.0,0.0,6.223,25.0,1631398605413
0.0,0.0,6.212,25.0,1631398605477
0.0,0.0,6.212,25.0,1631398605551
0.0,0.0,6.202,25.0,1631398605617
0.0,0.0,6.202,25.0,1631398605687
0.0,0.0,6.202,25.0,1631398605757
0.0,0.0,6.202,25.0,1631398605827
0.0,0.0,6.202,25.0,1631398605897
0.0,0.0,6.181,25.0,1631398605966
0.0,0.0,6.192,25.0,1631398606038
0.0,0.0,6.181,25.0,1631398606113
0.0,0.0,6.171,25.0,1631398606182
0.0,0.0,6.171,25.0,1631398606247
0.0,0.0,6.171,25.0,1631398606316
0.0,0.0,6.16,25.0,1631398606388
0.0,0.0,6.16,25.0,1631398606457
0.0,0.0,6.15,25.0,1631398606529
0.0,0.0,6.14,25.0,1631398606598
0.0,0.0,6.129,25.0,1631398607257
35.163719177246094,139.613525390625,6.129,25.0,1631398607257
0.0,0.0,6.119,25.0,1631398607269
0.0,0.0,6.119,25.0,1631398607278
0.0,0.0,6.119,25.0,1631398607293
0.0,0.0,6.108,25.0,1631398607296
0.0,0.0,6.088,25.0,1631398607305
0.0,0.0,6.088,25.0,1631398607331
0.0,0.0,6.088,25.0,1631398607335
0.0,0.0,6.088,25.0,1631398607338
0.0,0.0,6.088,25.0,1631398607367
0.0,0.0,6.077,25.0,1631398607437
0.0,0.0,6.056,25.0,1631398607510
0.0,0.0,6.056,25.0,1631398607583
0.0,0.0,6.046,25.0,1631398607647
0.0,0.0,6.046,25.0,1631398607719
0.0,0.0,6.036,25.0,1631398607786
0.0,0.0,6.015,25.0,1631398607857
0.0,0.0,5.994,25.0,1631398607928
0.0,0.0,5.963,25.0,1631398607999
0.0,0.0,5.963,25.0,1631398608064
0.0,0.0,5.963,25.0,1631398608135
0.0,0.0,5.952,25.0,1631398608206
0.0,0.0,5.952,25.0,1631398608279
0.0,0.0,5.921,25.0,1631398608345
0.0,0.0,5.921,25.0,1631398608425
0.0,0.0,5.911,25.0,1631398608484
0.0,0.0,5.9,25.0,1631398608554
0.0,0.0,5.9,25.0,1631398608629
0.0,0.0,5.89,25.0,1631398608695
0.0,0.0,5.869,25.0,1631398608765
0.0,0.0,5.848,25.0,1631398608834
0.0,0.0,5.838,25.0,1631398608905
0.0,0.0,5.848,25.0,1631398608979
0.0,0.0,5.827,25.0,1631398609044
0.0,0.0,5.807,25.0,1631398609116
0.0,0.0,5.786,25.0,1631398609185
0.0,0.0,5.775,25.0,1631398609254
0.0,0.0,5.775,25.0,1631398609324
0.0,0.0,5.755,25.0,1631398609396
0.0,0.0,5.723,25.0,1631398609464
0.0,0.0,5.703,25.0,1631398609535
0.0,0.0,5.692,25.0,1631398609612
0.0,0.0,5.692,25.0,1631398609674
0.0,0.0,5.713,25.0,1631398609744
0.0,0.0,5.703,25.0,1631398609814
0.0,0.0,5.703,25.0,1631398609885
0.0,0.0,5.703,25.0,1631398609955
0.0,0.0,5.703,25.0,1631398610039
35.16372299194336,139.61351013183594,5.703,25.0,1631398610039
0.0,0.0,5.723,25.0,1631398610094
0.0,0.0,5.744,25.0,1631398610164
0.0,0.0,5.744,25.0,1631398610234
0.0,0.0,5.744,25.0,1631398610307
0.0,0.0,5.755,25.0,1631398610376
0.0,0.0,5.734,25.0,1631398610454
0.0,0.0,5.744,25.0,1631398610532
0.0,0.0,5.755,25.0,1631398610603
0.0,0.0,5.734,25.0,1631398610738
0.0,0.0,5.734,25.0,1631398610809
0.0,0.0,5.713,25.0,1631398610866
0.0,0.0,5.713,25.0,1631398610934
0.0,0.0,5.692,25.0,1631398611006
0.0,0.0,5.723,25.0,1631398611075
0.0,0.0,5.744,25.0,1631398611145
0.0,0.0,5.744,25.0,1631398611214
0.0,0.0,5.744,25.0,1631398611284
0.0,0.0,5.765,25.0,1631398611354
0.0,0.0,5.796,25.0,1631398611424
0.0,0.0,5.786,25.0,1631398611504
0.0,0.0,5.765,25.0,1631398612278
0.0,0.0,5.755,25.0,1631398612286
0.0,0.0,5.786,25.0,1631398612293
0.0,0.0,5.786,25.0,1631398612297
0.0,0.0,5.796,25.0,1631398612306
0.0,0.0,5.796,25.0,1631398612313
0.0,0.0,5.775,25.0,1631398612317
0.0,0.0,5.765,25.0,1631398612323
0.0,0.0,5.744,25.0,1631398612327
0.0,0.0,5.723,25.0,1631398612332
0.0,0.0,5.703,25.0,1631398612339
0.0,0.0,5.661,25.0,1631398612575
0.0,0.0,5.64,25.0,1631398612581
0.0,0.0,5.598,25.0,1631398612618
0.0,0.0,5.598,25.0,1631398612690
0.0,0.0,5.578,25.0,1631398612874
0.0,0.0,5.546,25.0,1631398612877
0.0,0.0,5.546,25.0,1631398612897
0.0,0.0,5.505,25.0,1631398612967
35.163726806640625,139.61349487304688,5.505,25.0,1631398612967
0.0,0.0,5.505,25.0,1631398613156
0.0,0.0,5.484,25.0,1631398613160
0.0,0.0,5.484,25.0,1631398613179
0.0,0.0,5.474,25.0,1631398613245
0.0,0.0,5.442,25.0,1631398613458
0.0,0.0,5.442,25.0,1631398613467
0.0,0.0,5.401,25.0,1631398613482
0.0,0.0,5.37,25.0,1631398613531
0.0,0.0,5.359,25.0,1631398613760
0.0,0.0,5.317,25.0,1631398613768
0.0,0.0,5.297,25.0,1631398613772
0.0,0.0,5.265,25.0,1631398613807
0.0,0.0,5.265,25.0,1631398613879
