0.0,0.0,3.954,27.0,1597269714550
0.0,0.0,3.944,27.0,1597269714651
0.0,0.0,3.954,27.0,1597269714720
0.0,0.0,3.954,27.0,1597269714792
0.0,0.0,3.954,27.0,1597269714864
0.0,0.0,3.954,27.0,1597269714932
0.0,0.0,3.954,27.0,1597269715006
0.0,0.0,3.954,27.0,1597269715070
0.0,0.0,3.965,27.0,1597269715141
0.0,0.0,3.965,27.0,1597269715211
0.0,0.0,3.965,27.0,1597269715292
0.0,0.0,3.965,27.0,1597269715350
0.0,0.0,3.965,27.0,1597269715420
0.0,0.0,3.965,27.0,1597269715490
0.0,0.0,3.965,27.0,1597269715560
0.0,0.0,3.975,27.0,1597269715817
0.0,0.0,3.975,27.0,1597269715822
0.0,0.0,3.975,27.0,1597269715828
0.0,0.0,3.975,27.0,1597269715894
0.0,0.0,3.985,27.0,1597269715974
0.0,0.0,3.985,27.0,1597269716010
0.0,0.0,3.985,27.0,1597269716051
0.0,0.0,3.985,27.0,1597269716135
0.0,0.0,3.985,27.0,1597269716191
0.0,0.0,3.985,27.0,1597269716262
0.0,0.0,3.996,27.0,1597269716336
0.0,0.0,3.996,27.0,1597269716404
0.0,0.0,3.996,27.0,1597269716472
0.0,0.0,3.996,27.0,1597269716543
0.0,0.0,3.996,27.0,1597269716612
0.0,0.0,3.996,27.0,1597269716687
0.0,0.0,3.996,27.0,1597269716753
0.0,0.0,4.006,27.0,1597269716823
0.0,0.0,4.006,27.0,1597269717204
0.0,0.0,3.996,27.0,1597269717215
0.0,0.0,3.996,27.0,1597269717222
0.0,0.0,3.996,27.0,1597269717227
0.0,0.0,3.996,27.0,1597269717235
0.0,0.0,3.996,27.0,1597269717245
0.0,0.0,3.985,27.0,1597269717315
0.0,0.0,3.985,27.0,1597269718224
0.0,0.0,3.985,27.0,1597269718887
0.0,0.0,3.985,27.0,1597269718897
0.0,0.0,3.985,27.0,1597269718903
0.0,0.0,3.985,27.0,1597269718909
0.0,0.0,3.985,27.0,1597269718918
0.0,0.0,3.985,27.0,1597269718932
0.0,0.0,3.985,27.0,1597269718938
0.0,0.0,3.975,27.0,1597269718943
0.0,0.0,3.975,27.0,1597269718948
0.0,0.0,3.975,27.0,1597269718953
0.0,0.0,3.975,27.0,1597269718958
0.0,0.0,3.965,27.0,1597269718963
0.0,0.0,3.965,27.0,1597269718967
0.0,0.0,3.965,27.0,1597269718974
0.0,0.0,3.965,27.0,1597269718977
0.0,0.0,3.965,27.0,1597269718989
0.0,0.0,3.965,27.0,1597269718995
0.0,0.0,3.965,27.0,1597269719001
0.0,0.0,3.965,27.0,1597269719005
0.0,0.0,3.965,27.0,1597269719026
0.0,0.0,3.965,27.0,1597269719197
0.0,0.0,3.965,27.0,1597269719205
0.0,0.0,3.954,27.0,1597269719394
0.0,0.0,3.954,27.0,1597269719397
0.0,0.0,3.965,27.0,1597269719606
0.0,0.0,3.965,27.0,1597269719611
0.0,0.0,3.965,27.0,1597269719615
0.0,0.0,3.965,27.0,1597269719656
0.0,0.0,3.965,27.0,1597269719734
0.0,0.0,3.965,27.0,1597269719906
0.0,0.0,3.965,27.0,1597269720212
0.0,0.0,3.965,27.0,1597269720215
0.0,0.0,3.965,27.0,1597269720220
0.0,0.0,3.965,27.0,1597269720223
0.0,0.0,3.965,27.0,1597269720226
0.0,0.0,3.965,27.0,1597269720285
0.0,0.0,3.965,27.0,1597269720355
0.0,0.0,3.965,27.0,1597269720424
0.0,0.0,3.965,27.0,1597269720622
0.0,0.0,3.965,27.0,1597269720625
0.0,0.0,3.965,27.0,1597269720760
0.0,0.0,3.965,27.0,1597269720774
0.0,0.0,3.965,27.0,1597269720961
0.0,0.0,3.965,27.0,1597269720985
0.0,0.0,3.965,27.0,1597269721161
0.0,0.0,3.965,27.0,1597269721169
0.0,0.0,3.965,27.0,1597269721194
0.0,0.0,3.965,27.0,1597269721362
0.0,0.0,3.965,27.0,1597269721687
0.0,0.0,3.965,27.0,1597269721763
0.0,0.0,3.975,27.0,1597269721818
0.0,0.0,3.975,27.0,1597269721854
0.0,0.0,3.975,27.0,1597269721862
0.0,0.0,3.975,27.0,1597269721896
0.0,0.0,3.975,27.0,1597269721905
0.0,0.0,3.975,27.0,1597269722022
0.0,0.0,3.975,27.0,1597269722186
0.0,0.0,3.975,27.0,1597269722394
0.0,0.0,3.975,27.0,1597269722405
0.0,0.0,3.975,27.0,1597269722410
0.0,0.0,3.975,27.0,1597269722415
0.0,0.0,3.975,27.0,1597269722427
0.0,0.0,3.975,27.0,1597269722434
0.0,0.0,3.975,27.0,1597269722561
0.0,0.0,3.975,27.0,1597269722567
0.0,0.0,3.975,27.0,1597269722760
0.0,0.0,3.975,27.0,1597269722765
0.0,0.0,3.975,27.0,1597269722959
0.0,0.0,3.975,27.0,1597269723026
0.0,0.0,3.975,27.0,1597269723065
0.0,0.0,3.975,27.0,1597269723100
0.0,0.0,3.975,27.0,1597269723237
0.0,0.0,3.985,27.0,1597269723298
0.0,0.0,3.985,27.0,1597269723422
0.0,0.0,3.985,27.0,1597269723435
0.0,0.0,3.985,27.0,1597269723623
0.0,0.0,3.985,27.0,1597269723647
0.0,0.0,3.985,27.0,1597269723822
0.0,0.0,3.985,27.0,1597269723825
0.0,0.0,3.985,27.0,1597269723855
0.0,0.0,3.985,27.0,1597269724022
0.0,0.0,3.985,27.0,1597269724036
0.0,0.0,3.985,27.0,1597269724223
35.16242218017578,139.61572265625,3.985,27.0,1597269724234
0.0,0.0,3.985,27.0,1597269747752
0.0,0.0,3.985,27.0,1597269748042
0.0,0.0,3.985,27.0,1597269748051
0.0,0.0,3.985,27.0,1597269748061
0.0,0.0,3.985,27.0,1597269748068
0.0,0.0,3.985,27.0,1597269748073
0.0,0.0,3.985,27.0,1597269748079
0.0,0.0,3.985,27.0,1597269748142
0.0,0.0,3.985,27.0,1597269748344
0.0,0.0,3.996,27.0,1597269748348
0.0,0.0,3.996,27.0,1597269748363
0.0,0.0,3.996,27.0,1597269748648
0.0,0.0,4.006,27.0,1597269748656
0.0,0.0,4.006,27.0,1597269748681
0.0,0.0,4.006,27.0,1597269748707
0.0,0.0,4.006,27.0,1597269748952
0.0,0.0,4.017,27.0,1597269748962
0.0,0.0,4.017,27.0,1597269748970
0.0,0.0,4.017,27.0,1597269748999
0.0,0.0,4.017,27.0,1597269749050
0.0,0.0,4.017,27.0,1597269749468
0.0,0.0,4.027,27.0,1597269749473
0.0,0.0,4.027,27.0,1597269749481
0.0,0.0,4.027,27.0,1597269749488
0.0,0.0,4.027,27.0,1597269749563
0.0,0.0,4.027,27.0,1597269749569
0.0,0.0,4.027,27.0,1597269749574
0.0,0.0,4.027,27.0,1597269749610
0.0,0.0,4.027,27.0,1597269749679
0.0,0.0,4.027,27.0,1597269749870
0.0,0.0,4.027,27.0,1597269749903
0.0,0.0,4.027,27.0,1597269749914
0.0,0.0,4.027,27.0,1597269750030
0.0,0.0,4.027,27.0,1597269750102
0.0,0.0,4.027,27.0,1597269750239
0.0,0.0,4.027,27.0,1597269750310
0.0,0.0,4.027,27.0,1597269750934
35.16233825683594,139.61578369140625,4.027,27.0,1597269750944
0.0,0.0,4.027,27.0,1597269751224
0.0,0.0,4.037,27.0,1597269751234
0.0,0.0,4.037,27.0,1597269751236
0.0,0.0,4.037,27.0,1597269751239
0.0,0.0,4.037,27.0,1597269751242
0.0,0.0,4.027,27.0,1597269751262
0.0,0.0,4.027,27.0,1597269751265
0.0,0.0,4.027,27.0,1597269751269
0.0,0.0,4.027,27.0,1597269751272
0.0,0.0,4.027,27.0,1597269751276
0.0,0.0,4.027,27.0,1597269751283
0.0,0.0,4.017,27.0,1597269751288
0.0,0.0,4.017,27.0,1597269751292
0.0,0.0,4.017,27.0,1597269751360
0.0,0.0,4.017,27.0,1597269751570
0.0,0.0,4.027,27.0,1597269751639
0.0,0.0,4.027,27.0,1597269751709
0.0,0.0,4.027,27.0,1597269751779
0.0,0.0,4.027,27.0,1597269751850
0.0,0.0,4.027,27.0,1597269751919
0.0,0.0,4.027,27.0,1597269751989
0.0,0.0,4.027,27.0,1597269752060
0.0,0.0,4.027,27.0,1597269752139
0.0,0.0,4.037,27.0,1597269752199
0.0,0.0,4.037,27.0,1597269752270
35.162353515625,139.6157989501953,4.037,27.0,1597269752274
0.0,0.0,4.037,27.0,1597269752522
0.0,0.0,4.037,27.0,1597269752526
0.0,0.0,4.037,27.0,1597269752530
0.0,0.0,4.037,27.0,1597269752550
0.0,0.0,4.037,27.0,1597269752619
0.0,0.0,4.037,27.0,1597269752689
0.0,0.0,4.037,27.0,1597269752832
0.0,0.0,4.037,27.0,1597269752904
0.0,0.0,4.037,27.0,1597269752969
0.0,0.0,4.037,27.0,1597269753039
0.0,0.0,4.048,27.0,1597269753109
0.0,0.0,4.048,27.0,1597269753180
0.0,0.0,4.048,27.0,1597269753249
0.0,0.0,4.048,27.0,1597269753319
0.0,0.0,4.048,27.0,1597269753493
0.0,0.0,4.048,27.0,1597269753496
0.0,0.0,4.048,27.0,1597269753530
35.16236114501953,139.6157989501953,4.048,27.0,1597269753533
0.0,0.0,4.058,27.0,1597269753859
0.0,0.0,4.048,27.0,1597269753863
0.0,0.0,4.058,27.0,1597269753866
0.0,0.0,4.048,27.0,1597269753881
0.0,0.0,4.048,27.0,1597269754005
0.0,0.0,4.048,27.0,1597269754021
0.0,0.0,4.048,27.0,1597269754092
0.0,0.0,4.048,27.0,1597269754159
0.0,0.0,4.048,27.0,1597269754229
0.0,0.0,4.048,27.0,1597269754299
0.0,0.0,4.048,27.0,1597269754370
0.0,0.0,4.048,27.0,1597269754439
0.0,0.0,4.048,27.0,1597269754509
0.0,0.0,4.048,27.0,1597269754579
0.0,0.0,4.058,27.0,1597269754719
0.0,0.0,4.058,27.0,1597269754790
0.0,0.0,4.058,27.0,1597269754859
0.0,0.0,4.058,27.0,1597269754929
0.0,0.0,4.058,27.0,1597269755177
0.0,0.0,4.058,27.0,1597269755183
0.0,0.0,4.058,27.0,1597269755193
0.0,0.0,4.058,27.0,1597269755209
0.0,0.0,4.058,27.0,1597269755279
0.0,0.0,4.058,27.0,1597269755353
0.0,0.0,4.058,27.0,1597269755862
0.0,0.0,4.058,27.0,1597269755866
0.0,0.0,4.048,27.0,1597269755872
0.0,0.0,4.048,27.0,1597269755874
0.0,0.0,4.048,27.0,1597269755878
0.0,0.0,4.048,27.0,1597269755889
0.0,0.0,4.048,27.0,1597269755895
0.0,0.0,4.048,27.0,1597269755913
0.0,0.0,4.048,27.0,1597269755981
0.0,0.0,4.048,27.0,1597269756050
0.0,0.0,4.048,27.0,1597269756260
0.0,0.0,4.058,27.0,1597269756535
0.0,0.0,4.058,27.0,1597269756544
0.0,0.0,4.058,27.0,1597269756612
0.0,0.0,4.048,27.0,1597269756684
0.0,0.0,4.048,27.0,1597269756750
0.0,0.0,4.048,27.0,1597269756821
0.0,0.0,4.048,27.0,1597269756890
0.0,0.0,4.048,27.0,1597269756961
0.0,0.0,4.048,27.0,1597269757030
0.0,0.0,4.048,27.0,1597269757102
0.0,0.0,4.048,27.0,1597269757172
0.0,0.0,4.048,27.0,1597269757240
0.0,0.0,4.048,27.0,1597269757311
0.0,0.0,4.048,27.0,1597269757487
0.0,0.0,4.048,27.0,1597269757491
0.0,0.0,4.048,27.0,1597269757521
0.0,0.0,4.048,27.0,1597269757591
35.16236877441406,139.61578369140625,4.048,27.0,1597269757594
0.0,0.0,4.048,27.0,1597269757834
0.0,0.0,4.048,27.0,1597269757838
0.0,0.0,4.048,27.0,1597269757842
0.0,0.0,4.048,27.0,1597269757871
0.0,0.0,4.037,27.0,1597269757941
0.0,0.0,4.037,27.0,1597269758013
0.0,0.0,4.037,27.0,1597269758080
0.0,0.0,4.037,27.0,1597269758150
0.0,0.0,4.037,27.0,1597269758220
0.0,0.0,4.027,27.0,1597269758290
0.0,0.0,4.027,27.0,1597269758361
0.0,0.0,4.027,27.0,1597269758430
0.0,0.0,4.027,27.0,1597269758510
0.0,0.0,4.027,27.0,1597269758570
0.0,0.0,4.027,27.0,1597269758710
0.0,0.0,4.027,27.0,1597269758780
0.0,0.0,4.027,27.0,1597269758850
0.0,0.0,4.027,27.0,1597269759109
0.0,0.0,4.027,27.0,1597269759231
0.0,0.0,4.017,27.0,1597269759272
0.0,0.0,4.017,27.0,1597269759340
0.0,0.0,4.017,27.0,1597269759410
0.0,0.0,4.017,27.0,1597269759480
0.0,0.0,4.006,27.0,1597269759552
0.0,0.0,4.006,27.0,1597269759621
0.0,0.0,4.006,27.0,1597269759690
0.0,0.0,4.006,27.0,1597269759761
0.0,0.0,4.006,27.0,1597269759830
0.0,0.0,3.996,27.0,1597269759900
0.0,0.0,3.996,27.0,1597269759971
0.0,0.0,3.996,27.0,1597269760040
0.0,0.0,3.996,27.0,1597269760110
0.0,0.0,3.996,27.0,1597269760182
0.0,0.0,3.996,27.0,1597269760395
0.0,0.0,3.996,27.0,1597269760399
0.0,0.0,3.996,27.0,1597269760861
0.0,0.0,3.996,27.0,1597269760868
0.0,0.0,4.006,27.0,1597269760871
0.0,0.0,4.006,27.0,1597269760876
0.0,0.0,4.006,27.0,1597269760879
0.0,0.0,4.006,27.0,1597269760883
0.0,0.0,4.006,27.0,1597269760898
0.0,0.0,4.006,27.0,1597269760909
0.0,0.0,4.006,27.0,1597269760950
0.0,0.0,4.006,27.0,1597269761020
0.0,0.0,4.006,27.0,1597269761090
0.0,0.0,4.006,27.0,1597269761160
0.0,0.0,4.006,27.0,1597269761230
0.0,0.0,4.006,27.0,1597269761300
0.0,0.0,4.006,27.0,1597269761370
0.0,0.0,4.017,27.0,1597269761440
0.0,0.0,4.017,27.0,1597269761673
0.0,0.0,4.017,27.0,1597269761677
0.0,0.0,4.027,27.0,1597269761682
0.0,0.0,4.027,27.0,1597269761790
0.0,0.0,4.027,27.0,1597269761860
0.0,0.0,4.037,27.0,1597269761930
0.0,0.0,4.037,27.0,1597269762000
0.0,0.0,4.037,27.0,1597269762070
0.0,0.0,4.037,27.0,1597269762147
0.0,0.0,4.037,27.0,1597269762211
0.0,0.0,4.037,27.0,1597269762281
0.0,0.0,4.037,27.0,1597269762350
0.0,0.0,4.037,27.0,1597269762420
0.0,0.0,4.037,27.0,1597269762503
0.0,0.0,4.037,27.0,1597269762560
0.0,0.0,4.027,27.0,1597269762630
0.0,0.0,4.027,27.0,1597269762700
0.0,0.0,4.027,27.0,1597269763000
0.0,0.0,4.027,27.0,1597269763005
0.0,0.0,4.027,27.0,1597269763017
0.0,0.0,4.027,27.0,1597269763026
0.0,0.0,4.027,27.0,1597269763050
0.0,0.0,4.027,27.0,1597269763121
0.0,0.0,4.027,27.0,1597269763190
0.0,0.0,4.027,27.0,1597269763295
0.0,0.0,4.027,27.0,1597269763339
0.0,0.0,4.027,27.0,1597269763401
0.0,0.0,4.027,27.0,1597269763470
0.0,0.0,4.027,27.0,1597269763542
0.0,0.0,4.027,27.0,1597269763610
0.0,0.0,4.027,27.0,1597269763680
0.0,0.0,4.027,27.0,1597269763890
0.0,0.0,4.017,27.0,1597269763976
0.0,0.0,4.017,27.0,1597269764030
35.16237258911133,139.6157989501953,4.017,27.0,1597269764036
0.0,0.0,4.017,27.0,1597269764253
0.0,0.0,4.017,27.0,1597269764275
0.0,0.0,4.017,27.0,1597269764281
0.0,0.0,4.017,27.0,1597269764314
0.0,0.0,4.017,27.0,1597269764380
0.0,0.0,4.017,27.0,1597269764450
0.0,0.0,4.017,27.0,1597269764520
0.0,0.0,4.017,27.0,1597269764590
0.0,0.0,4.017,27.0,1597269764661
0.0,0.0,4.017,27.0,1597269764730
0.0,0.0,4.017,27.0,1597269764800
0.0,0.0,4.017,27.0,1597269764873
0.0,0.0,4.027,27.0,1597269764940
0.0,0.0,4.027,27.0,1597269765010
0.0,0.0,4.027,27.0,1597269765081
0.0,0.0,4.027,27.0,1597269765150
0.0,0.0,4.027,27.0,1597269765220
0.0,0.0,4.027,27.0,1597269765290
35.16236877441406,139.61581420898438,4.027,27.0,1597269765293
0.0,0.0,4.037,27.0,1597269765885
0.0,0.0,4.027,27.0,1597269765889
0.0,0.0,4.037,27.0,1597269765892
0.0,0.0,4.037,27.0,1597269765897
0.0,0.0,4.037,27.0,1597269765901
0.0,0.0,4.027,27.0,1597269765921
0.0,0.0,4.037,27.0,1597269766000
0.0,0.0,4.027,27.0,1597269766060
0.0,0.0,4.037,27.0,1597269766270
0.0,0.0,4.027,27.0,1597269766340
0.0,0.0,4.027,27.0,1597269766410
0.0,0.0,4.027,27.0,1597269766480
0.0,0.0,4.027,27.0,1597269766550
0.0,0.0,4.027,27.0,1597269766620
0.0,0.0,4.027,27.0,1597269766690
0.0,0.0,4.017,27.0,1597269766907
0.0,0.0,4.017,27.0,1597269767157
0.0,0.0,4.017,27.0,1597269767161
0.0,0.0,4.017,27.0,1597269767169
0.0,0.0,4.017,27.0,1597269767204
0.0,0.0,4.017,27.0,1597269767215
0.0,0.0,4.006,27.0,1597269767219
0.0,0.0,4.006,27.0,1597269767250
0.0,0.0,4.006,27.0,1597269767320
0.0,0.0,4.006,27.0,1597269767503
0.0,0.0,3.996,27.0,1597269767506
0.0,0.0,3.996,27.0,1597269767532
0.0,0.0,3.985,27.0,1597269767605
0.0,0.0,3.985,27.0,1597269767803
0.0,0.0,3.985,27.0,1597269767806
0.0,0.0,3.985,27.0,1597269767810
0.0,0.0,3.975,27.0,1597269768104
0.0,0.0,3.975,27.0,1597269768110
0.0,0.0,3.975,27.0,1597269768113
0.0,0.0,3.975,27.0,1597269768162
0.0,0.0,3.975,27.0,1597269768401
0.0,0.0,3.975,27.0,1597269768406
0.0,0.0,3.975,27.0,1597269768410
0.0,0.0,3.975,27.0,1597269768445
0.0,0.0,3.975,27.0,1597269768509
0.0,0.0,3.975,27.0,1597269768703
0.0,0.0,3.985,27.0,1597269768706
0.0,0.0,3.985,27.0,1597269768733
0.0,0.0,3.985,27.0,1597269768789
0.0,0.0,3.985,27.0,1597269769006
0.0,0.0,3.996,27.0,1597269769029
0.0,0.0,3.996,27.0,1597269769053
0.0,0.0,3.996,27.0,1597269769082
0.0,0.0,3.996,27.0,1597269769311
0.0,0.0,3.996,27.0,1597269769336
0.0,0.0,3.996,27.0,1597269769350
0.0,0.0,3.996,27.0,1597269769353
0.0,0.0,3.996,27.0,1597269769421
0.0,0.0,4.006,27.0,1597269769690
0.0,0.0,3.996,27.0,1597269769695
0.0,0.0,4.006,27.0,1597269769698
0.0,0.0,4.006,27.0,1597269769711
0.0,0.0,4.006,27.0,1597269769928
0.0,0.0,4.006,27.0,1597269769932
0.0,0.0,4.006,27.0,1597269769937
0.0,0.0,4.017,27.0,1597269769982
0.0,0.0,4.017,27.0,1597269770050
0.0,0.0,4.017,27.0,1597269770121
0.0,0.0,4.017,27.0,1597269770190
0.0,0.0,4.017,27.0,1597269770261
0.0,0.0,4.017,27.0,1597269770492
0.0,0.0,4.017,27.0,1597269770545
0.0,0.0,4.017,27.0,1597269770620
0.0,0.0,4.017,27.0,1597269770750
0.0,0.0,4.017,27.0,1597269771106
0.0,0.0,4.017,27.0,1597269771110
0.0,0.0,4.017,27.0,1597269771117
0.0,0.0,4.017,27.0,1597269771123
0.0,0.0,4.017,27.0,1597269771618
0.0,0.0,4.006,27.0,1597269771622
0.0,0.0,4.006,27.0,1597269771625
0.0,0.0,4.006,27.0,1597269771629
0.0,0.0,4.006,27.0,1597269771632
0.0,0.0,3.996,27.0,1597269771635
0.0,0.0,3.996,27.0,1597269771637
0.0,0.0,3.996,27.0,1597269771660
0.0,0.0,3.996,27.0,1597269771800
0.0,0.0,3.996,27.0,1597269771871
0.0,0.0,3.985,27.0,1597269772010
0.0,0.0,3.996,27.0,1597269772080
0.0,0.0,3.996,27.0,1597269772150
35.1623649597168,139.61582946777344,3.996,27.0,1597269772155
0.0,0.0,3.996,27.0,1597269772370
0.0,0.0,3.996,27.0,1597269772374
0.0,0.0,3.996,27.0,1597269772501
0.0,0.0,3.996,27.0,1597269772570
0.0,0.0,3.996,27.0,1597269772745
0.0,0.0,3.996,27.0,1597269772749
0.0,0.0,3.996,27.0,1597269772790
0.0,0.0,4.006,27.0,1597269772861
0.0,0.0,4.006,27.0,1597269772924
0.0,0.0,4.006,27.0,1597269772990
0.0,0.0,4.006,27.0,1597269773060
0.0,0.0,4.006,27.0,1597269773130
0.0,0.0,4.006,27.0,1597269773200
0.0,0.0,3.996,27.0,1597269773270
0.0,0.0,3.996,27.0,1597269773340
0.0,0.0,3.996,27.0,1597269773410
0.0,0.0,3.996,27.0,1597269773621
0.0,0.0,4.006,27.0,1597269773626
0.0,0.0,4.006,27.0,1597269773631
0.0,0.0,4.006,27.0,1597269773690
0.0,0.0,4.006,27.0,1597269773768
0.0,0.0,4.006,27.0,1597269773830
0.0,0.0,4.006,27.0,1597269773902
0.0,0.0,4.006,27.0,1597269773970
0.0,0.0,4.017,27.0,1597269774042
0.0,0.0,4.017,27.0,1597269774110
0.0,0.0,4.017,27.0,1597269774180
0.0,0.0,4.017,27.0,1597269774250
0.0,0.0,4.017,27.0,1597269774320
0.0,0.0,4.017,27.0,1597269774390
0.0,0.0,4.017,27.0,1597269774460
0.0,0.0,4.017,27.0,1597269774530
0.0,0.0,4.006,27.0,1597269774601
0.0,0.0,4.006,27.0,1597269774672
0.0,0.0,4.006,27.0,1597269774908
0.0,0.0,3.996,27.0,1597269774913
0.0,0.0,3.996,27.0,1597269774922
0.0,0.0,3.996,27.0,1597269774950
0.0,0.0,3.996,27.0,1597269775020
0.0,0.0,3.996,27.0,1597269775093
0.0,0.0,3.996,27.0,1597269775160
0.0,0.0,3.996,27.0,1597269775230
0.0,0.0,3.985,27.0,1597269775301
0.0,0.0,3.985,27.0,1597269775438
0.0,0.0,3.985,27.0,1597269775509
0.0,0.0,3.985,27.0,1597269775579
0.0,0.0,3.985,27.0,1597269775648
0.0,0.0,3.985,27.0,1597269775720
0.0,0.0,3.975,27.0,1597269775789
0.0,0.0,3.975,27.0,1597269775858
0.0,0.0,3.975,27.0,1597269775928
0.0,0.0,3.965,27.0,1597269776641
0.0,0.0,3.965,27.0,1597269776645
0.0,0.0,3.965,27.0,1597269776650
0.0,0.0,3.965,27.0,1597269776661
0.0,0.0,3.965,27.0,1597269776668
0.0,0.0,3.965,27.0,1597269776676
0.0,0.0,3.965,27.0,1597269776685
0.0,0.0,3.965,27.0,1597269776689
0.0,0.0,3.965,27.0,1597269776692
0.0,0.0,3.965,27.0,1597269776699
0.0,0.0,3.965,27.0,1597269776768
0.0,0.0,3.965,27.0,1597269777048
0.0,0.0,3.965,27.0,1597269777190
0.0,0.0,3.965,27.0,1597269777259
0.0,0.0,3.965,27.0,1597269777329
0.0,0.0,3.965,27.0,1597269777399
0.0,0.0,3.975,27.0,1597269777538
0.0,0.0,3.975,27.0,1597269777610
0.0,0.0,3.975,27.0,1597269777749
0.0,0.0,3.965,27.0,1597269777965
0.0,0.0,3.965,27.0,1597269777976
0.0,0.0,3.965,27.0,1597269777980
0.0,0.0,3.965,27.0,1597269778029
0.0,0.0,3.965,27.0,1597269778098
0.0,0.0,3.965,27.0,1597269778169
0.0,0.0,3.954,27.0,1597269778241
0.0,0.0,3.954,27.0,1597269778309
0.0,0.0,3.965,27.0,1597269778379
0.0,0.0,3.965,27.0,1597269778449
0.0,0.0,3.965,27.0,1597269778519
0.0,0.0,3.965,27.0,1597269778589
0.0,0.0,3.965,27.0,1597269778659
0.0,0.0,3.965,27.0,1597269778729
0.0,0.0,3.965,27.0,1597269778799
0.0,0.0,3.965,27.0,1597269778887
0.0,0.0,3.965,27.0,1597269778939
0.0,0.0,3.965,27.0,1597269779008
0.0,0.0,3.965,27.0,1597269779338
0.0,0.0,3.965,27.0,1597269779342
0.0,0.0,3.965,27.0,1597269779346
0.0,0.0,3.965,27.0,1597269779350
0.0,0.0,3.965,27.0,1597269779430
0.0,0.0,3.965,27.0,1597269779606
0.0,0.0,3.965,27.0,1597269779609
0.0,0.0,3.965,27.0,1597269779642
0.0,0.0,3.965,27.0,1597269779709
0.0,0.0,3.965,27.0,1597269779778
0.0,0.0,3.965,27.0,1597269779848
0.0,0.0,3.965,27.0,1597269779918
0.0,0.0,3.965,27.0,1597269780058
0.0,0.0,3.975,27.0,1597269780131
0.0,0.0,3.975,27.0,1597269780199
0.0,0.0,3.975,27.0,1597269780271
0.0,0.0,3.975,27.0,1597269780338
0.0,0.0,3.985,27.0,1597269780409
0.0,0.0,3.985,27.0,1597269780659
0.0,0.0,3.985,27.0,1597269780664
0.0,0.0,3.985,27.0,1597269780696
0.0,0.0,3.985,27.0,1597269780760
0.0,0.0,3.996,27.0,1597269780830
0.0,0.0,3.996,27.0,1597269780936
0.0,0.0,4.006,27.0,1597269780972
0.0,0.0,4.006,27.0,1597269781052
0.0,0.0,4.006,27.0,1597269781652
0.0,0.0,4.006,27.0,1597269781660
0.0,0.0,4.006,27.0,1597269781666
0.0,0.0,4.017,27.0,1597269781896
0.0,0.0,4.017,27.0,1597269781921
0.0,0.0,4.017,27.0,1597269781929
0.0,0.0,4.017,27.0,1597269781945
0.0,0.0,4.027,27.0,1597269781949
0.0,0.0,4.027,27.0,1597269781956
0.0,0.0,4.027,27.0,1597269781962
0.0,0.0,4.027,27.0,1597269781966
0.0,0.0,4.027,27.0,1597269781968
0.0,0.0,4.027,27.0,1597269781975
0.0,0.0,4.027,27.0,1597269782020
0.0,0.0,4.037,27.0,1597269782198
0.0,0.0,4.037,27.0,1597269782300
0.0,0.0,4.037,27.0,1597269782440
0.0,0.0,4.048,27.0,1597269782510
0.0,0.0,4.048,27.0,1597269782580
0.0,0.0,4.048,27.0,1597269782650
0.0,0.0,4.048,27.0,1597269782720
0.0,0.0,4.048,27.0,1597269782790
0.0,0.0,4.058,27.0,1597269782862
0.0,0.0,4.058,27.0,1597269782930
0.0,0.0,4.058,27.0,1597269783265
0.0,0.0,4.069,27.0,1597269783269
0.0,0.0,4.069,27.0,1597269783275
0.0,0.0,4.079,27.0,1597269783292
0.0,0.0,4.079,27.0,1597269783361
0.0,0.0,4.079,27.0,1597269783420
0.0,0.0,4.079,27.0,1597269783490
0.0,0.0,4.079,27.0,1597269783560
0.0,0.0,4.079,27.0,1597269783630
0.0,0.0,4.079,27.0,1597269783803
0.0,0.0,4.089,27.0,1597269783807
0.0,0.0,4.079,27.0,1597269783840
0.0,0.0,4.089,27.0,1597269783911
0.0,0.0,4.089,27.0,1597269783980
0.0,0.0,4.089,27.0,1597269784050
0.0,0.0,4.089,27.0,1597269784123
0.0,0.0,4.089,27.0,1597269784190
0.0,0.0,4.089,27.0,1597269784260
0.0,0.0,4.089,27.0,1597269784332
35.162349700927734,139.61582946777344,4.089,27.0,1597269784336
0.0,0.0,4.089,27.0,1597269784681
0.0,0.0,4.089,27.0,1597269784688
0.0,0.0,4.1,27.0,1597269784692
0.0,0.0,4.1,27.0,1597269784700
0.0,0.0,4.1,27.0,1597269784707
0.0,0.0,4.1,27.0,1597269784750
0.0,0.0,4.089,27.0,1597269784825
0.0,0.0,4.089,27.0,1597269784895
0.0,0.0,4.089,27.0,1597269784960
0.0,0.0,4.089,27.0,1597269785030
0.0,0.0,4.089,27.0,1597269785101
0.0,0.0,4.1,27.0,1597269785170
0.0,0.0,4.1,27.0,1597269785240
0.0,0.0,4.1,27.0,1597269785323
0.0,0.0,4.1,27.0,1597269785380
0.0,0.0,4.11,27.0,1597269785659
0.0,0.0,4.11,27.0,1597269785943
0.0,0.0,4.1,27.0,1597269786270
0.0,0.0,4.1,27.0,1597269786696
0.0,0.0,4.11,27.0,1597269786699
0.0,0.0,4.11,27.0,1597269786702
0.0,0.0,4.11,27.0,1597269786707
0.0,0.0,4.121,27.0,1597269786710
0.0,0.0,4.131,27.0,1597269786714
0.0,0.0,4.131,27.0,1597269786938
0.0,0.0,4.131,27.0,1597269786941
0.0,0.0,4.141,27.0,1597269786948
0.0,0.0,4.152,27.0,1597269786990
0.0,0.0,4.152,27.0,1597269787229
0.0,0.0,4.152,27.0,1597269787232
0.0,0.0,4.152,27.0,1597269787238
0.0,0.0,4.162,27.0,1597269787272
0.0,0.0,4.162,27.0,1597269787345
0.0,0.0,4.173,27.0,1597269787519
35.1623649597168,139.61582946777344,4.173,27.0,1597269787526
0.0,0.0,4.173,27.0,1597269787820
0.0,0.0,4.173,27.0,1597269787828
0.0,0.0,4.183,27.0,1597269787831
0.0,0.0,4.183,27.0,1597269787834
0.0,0.0,4.194,27.0,1597269787900
0.0,0.0,4.194,27.0,1597269788139
0.0,0.0,4.194,27.0,1597269788143
0.0,0.0,4.194,27.0,1597269788180
0.0,0.0,4.194,27.0,1597269788410
0.0,0.0,4.194,27.0,1597269788416
0.0,0.0,4.194,27.0,1597269788419
0.0,0.0,4.194,27.0,1597269788460
0.0,0.0,4.194,27.0,1597269788711
0.0,0.0,4.183,27.0,1597269788714
0.0,0.0,4.183,27.0,1597269788718
0.0,0.0,4.194,27.0,1597269788824
0.0,0.0,4.204,27.0,1597269789075
0.0,0.0,4.204,27.0,1597269789079
0.0,0.0,4.204,27.0,1597269789320
0.0,0.0,4.204,27.0,1597269789370
0.0,0.0,4.204,27.0,1597269789624
0.0,0.0,4.194,27.0,1597269789626
0.0,0.0,4.194,27.0,1597269789631
0.0,0.0,4.194,27.0,1597269789721
0.0,0.0,4.204,27.0,1597269789930
0.0,0.0,4.204,27.0,1597269789935
0.0,0.0,4.204,27.0,1597269789945
0.0,0.0,4.214,27.0,1597269790000
35.16238021850586,139.61582946777344,4.214,27.0,1597269790155
0.0,0.0,4.225,27.0,1597269790484
0.0,0.0,4.225,27.0,1597269790504
0.0,0.0,4.235,27.0,1597269790509
0.0,0.0,4.235,27.0,1597269790514
0.0,0.0,4.235,27.0,1597269790519
0.0,0.0,4.235,27.0,1597269790533
0.0,0.0,4.225,27.0,1597269790560
0.0,0.0,4.225,27.0,1597269790630
0.0,0.0,4.225,27.0,1597269790704
0.0,0.0,4.225,27.0,1597269790778
0.0,0.0,4.225,27.0,1597269790840
0.0,0.0,4.225,27.0,1597269790910
0.0,0.0,4.235,27.0,1597269790980
0.0,0.0,4.235,27.0,1597269791051
0.0,0.0,4.235,27.0,1597269791585
35.162391662597656,139.61581420898438,4.235,27.0,1597269791591
0.0,0.0,4.235,27.0,1597269791817
0.0,0.0,4.235,27.0,1597269791822
0.0,0.0,4.235,27.0,1597269791825
0.0,0.0,4.235,27.0,1597269791829
0.0,0.0,4.235,27.0,1597269791832
0.0,0.0,4.235,27.0,1597269791837
0.0,0.0,4.225,27.0,1597269791841
0.0,0.0,4.225,27.0,1597269791851
0.0,0.0,4.235,27.0,1597269791892
0.0,0.0,4.235,27.0,1597269791960
0.0,0.0,4.246,27.0,1597269792030
0.0,0.0,4.256,27.0,1597269792131
0.0,0.0,4.256,27.0,1597269792240
0.0,0.0,4.256,27.0,1597269792309
0.0,0.0,4.256,27.0,1597269792380
0.0,0.0,4.256,27.0,1597269792451
0.0,0.0,4.256,27.0,1597269792522
0.0,0.0,4.256,27.0,1597269792589
0.0,0.0,4.256,27.0,1597269792730
0.0,0.0,4.256,27.0,1597269792800
0.0,0.0,4.256,27.0,1597269792870
0.0,0.0,4.266,27.0,1597269793086
0.0,0.0,4.266,27.0,1597269793090
0.0,0.0,4.277,27.0,1597269793094
0.0,0.0,4.287,27.0,1597269793221
0.0,0.0,4.298,27.0,1597269793290
0.0,0.0,4.298,27.0,1597269793360
0.0,0.0,4.308,27.0,1597269793532
0.0,0.0,4.308,27.0,1597269793537
0.0,0.0,4.318,27.0,1597269793570
0.0,0.0,4.318,27.0,1597269793639
0.0,0.0,4.329,27.0,1597269793709
0.0,0.0,4.329,27.0,1597269793783
0.0,0.0,4.339,27.0,1597269793855
0.0,0.0,4.339,27.0,1597269793920
0.0,0.0,4.339,27.0,1597269793990
0.0,0.0,4.35,27.0,1597269794061
0.0,0.0,4.35,27.0,1597269794138
35.16240310668945,139.6157989501953,4.35,27.0,1597269794142
0.0,0.0,4.35,27.0,1597269794445
0.0,0.0,4.36,27.0,1597269794449
0.0,0.0,4.36,27.0,1597269794459
0.0,0.0,4.36,27.0,1597269794472
0.0,0.0,4.36,27.0,1597269794480
0.0,0.0,4.36,27.0,1597269794550
0.0,0.0,4.36,27.0,1597269794619
0.0,0.0,4.36,27.0,1597269794690
0.0,0.0,4.37,27.0,1597269794830
0.0,0.0,4.37,27.0,1597269794972
0.0,0.0,4.37,27.0,1597269795039
0.0,0.0,4.381,27.0,1597269795110
0.0,0.0,4.381,27.0,1597269795180
0.0,0.0,4.391,27.0,1597269795253
0.0,0.0,4.391,27.0,1597269795320
0.0,0.0,4.391,27.0,1597269795391
0.0,0.0,4.391,27.0,1597269795459
35.162418365478516,139.61578369140625,4.391,27.0,1597269795462
0.0,0.0,4.402,27.0,1597269795781
0.0,0.0,4.402,27.0,1597269795789
0.0,0.0,4.402,27.0,1597269795815
0.0,0.0,4.402,27.0,1597269795840
0.0,0.0,4.402,27.0,1597269795851
0.0,0.0,4.402,27.0,1597269795880
0.0,0.0,4.402,27.0,1597269795952
0.0,0.0,4.412,27.0,1597269796022
0.0,0.0,4.412,27.0,1597269796605
0.0,0.0,4.412,27.0,1597269796608
0.0,0.0,4.422,27.0,1597269796613
0.0,0.0,4.422,27.0,1597269796618
0.0,0.0,4.433,27.0,1597269796622
0.0,0.0,4.433,27.0,1597269796627
0.0,0.0,4.443,27.0,1597269796630
0.0,0.0,4.454,27.0,1597269796649
0.0,0.0,4.443,27.0,1597269796738
0.0,0.0,4.454,27.0,1597269796790
0.0,0.0,4.454,27.0,1597269797051
0.0,0.0,4.454,27.0,1597269797061
0.0,0.0,4.454,27.0,1597269797065
0.0,0.0,4.454,27.0,1597269797078
0.0,0.0,4.454,27.0,1597269797140
0.0,0.0,4.454,27.0,1597269797209
0.0,0.0,4.454,27.0,1597269797280
0.0,0.0,4.454,27.0,1597269797355
0.0,0.0,4.454,27.0,1597269797525
0.0,0.0,4.443,27.0,1597269797530
0.0,0.0,4.443,27.0,1597269797560
0.0,0.0,4.443,27.0,1597269797630
0.0,0.0,4.443,27.0,1597269797701
0.0,0.0,4.443,27.0,1597269797769
0.0,0.0,4.443,27.0,1597269797840
0.0,0.0,4.443,27.0,1597269797910
0.0,0.0,4.443,27.0,1597269797979
0.0,0.0,4.443,27.0,1597269798052
0.0,0.0,4.454,27.0,1597269798126
35.16242980957031,139.61578369140625,4.454,27.0,1597269798128
0.0,0.0,4.454,27.0,1597269798360
0.0,0.0,4.464,27.0,1597269798383
0.0,0.0,4.464,27.0,1597269798392
0.0,0.0,4.475,27.0,1597269798401
0.0,0.0,4.475,27.0,1597269798470
0.0,0.0,4.475,27.0,1597269798547
0.0,0.0,4.475,27.0,1597269798614
0.0,0.0,4.475,27.0,1597269798681
0.0,0.0,4.475,27.0,1597269798751
0.0,0.0,4.475,27.0,1597269798819
0.0,0.0,4.485,27.0,1597269798890
0.0,0.0,4.485,27.0,1597269798959
0.0,0.0,4.495,27.0,1597269799029
0.0,0.0,4.495,27.0,1597269799101
0.0,0.0,4.495,27.0,1597269799170
0.0,0.0,4.506,27.0,1597269799240
0.0,0.0,4.506,27.0,1597269799313
0.0,0.0,4.506,27.0,1597269799450
35.162445068359375,139.6157684326172,4.506,27.0,1597269799453
0.0,0.0,4.516,27.0,1597269799698
0.0,0.0,4.516,27.0,1597269799702
0.0,0.0,4.516,27.0,1597269799730
0.0,0.0,4.527,27.0,1597269799799
0.0,0.0,4.527,27.0,1597269799869
0.0,0.0,4.527,27.0,1597269799940
0.0,0.0,4.527,27.0,1597269800009
0.0,0.0,4.537,27.0,1597269800080
0.0,0.0,4.537,27.0,1597269800154
0.0,0.0,4.537,27.0,1597269800221
0.0,0.0,4.537,27.0,1597269800321
0.0,0.0,4.537,27.0,1597269800370
0.0,0.0,4.537,27.0,1597269800429
0.0,0.0,4.537,27.0,1597269800499
0.0,0.0,4.537,27.0,1597269800569
0.0,0.0,4.527,27.0,1597269800640
0.0,0.0,4.527,27.0,1597269800710
0.0,0.0,4.527,27.0,1597269801053
0.0,0.0,4.537,27.0,1597269801061
0.0,0.0,4.547,27.0,1597269801064
0.0,0.0,4.547,27.0,1597269801069
0.0,0.0,4.558,27.0,1597269801201
0.0,0.0,4.558,27.0,1597269801277
0.0,0.0,4.558,27.0,1597269801345
0.0,0.0,4.558,27.0,1597269801409
0.0,0.0,4.568,27.0,1597269801480
0.0,0.0,4.568,27.0,1597269801550
0.0,0.0,4.568,27.0,1597269801621
0.0,0.0,4.568,27.0,1597269801694
0.0,0.0,4.568,27.0,1597269801759
0.0,0.0,4.568,27.0,1597269801829
35.16246032714844,139.61575317382812,4.579,27.0,1597269802284
0.0,0.0,4.579,27.0,1597269802589
0.0,0.0,4.579,27.0,1597269802599
0.0,0.0,4.579,27.0,1597269802617
0.0,0.0,4.579,27.0,1597269802625
0.0,0.0,4.579,27.0,1597269802631
0.0,0.0,4.589,27.0,1597269802634
0.0,0.0,4.589,27.0,1597269802638
0.0,0.0,4.589,27.0,1597269802641
0.0,0.0,4.599,27.0,1597269802646
0.0,0.0,4.61,27.0,1597269802650
0.0,0.0,4.61,27.0,1597269802654
0.0,0.0,4.62,27.0,1597269802669
0.0,0.0,4.62,27.0,1597269802740
0.0,0.0,4.631,27.0,1597269802812
0.0,0.0,4.631,27.0,1597269802880
0.0,0.0,4.62,27.0,1597269803054
0.0,0.0,4.62,27.0,1597269803060
0.0,0.0,4.62,27.0,1597269803089
0.0,0.0,4.62,27.0,1597269803160
0.0,0.0,4.61,27.0,1597269803300
0.0,0.0,4.61,27.0,1597269803371
0.0,0.0,4.61,27.0,1597269803440
0.0,0.0,4.599,27.0,1597269803520
0.0,0.0,4.599,27.0,1597269803580
0.0,0.0,4.599,27.0,1597269803650
35.162471771240234,139.61572265625,4.599,27.0,1597269803653
0.0,0.0,4.599,27.0,1597269803877
0.0,0.0,4.599,27.0,1597269803898
0.0,0.0,4.599,27.0,1597269803931
0.0,0.0,4.599,27.0,1597269804002
0.0,0.0,4.599,27.0,1597269804069
0.0,0.0,4.599,27.0,1597269804146
0.0,0.0,4.599,27.0,1597269804210
0.0,0.0,4.589,27.0,1597269804289
0.0,0.0,4.589,27.0,1597269804420
0.0,0.0,4.599,27.0,1597269804490
0.0,0.0,4.599,27.0,1597269804560
0.0,0.0,4.599,27.0,1597269804630
0.0,0.0,4.61,27.0,1597269804700
0.0,0.0,4.61,27.0,1597269804770
0.0,0.0,4.61,27.0,1597269804840
0.0,0.0,4.61,27.0,1597269804910
0.0,0.0,4.61,27.0,1597269805301
0.0,0.0,4.61,27.0,1597269805306
0.0,0.0,4.599,27.0,1597269805311
0.0,0.0,4.61,27.0,1597269805338
0.0,0.0,4.61,27.0,1597269805341
0.0,0.0,4.61,27.0,1597269805347
0.0,0.0,4.61,27.0,1597269805407
0.0,0.0,4.61,27.0,1597269805469
0.0,0.0,4.61,27.0,1597269805539
0.0,0.0,4.61,27.0,1597269805611
0.0,0.0,4.61,27.0,1597269805680
0.0,0.0,4.61,27.0,1597269805762
0.0,0.0,4.61,27.0,1597269805823
0.0,0.0,4.61,27.0,1597269805900
0.0,0.0,4.62,27.0,1597269805962
0.0,0.0,4.62,27.0,1597269806030
0.0,0.0,4.62,27.0,1597269806101
0.0,0.0,4.62,27.0,1597269806179
0.0,0.0,4.62,27.0,1597269806240
0.0,0.0,4.62,27.0,1597269806313
35.16248321533203,139.61570739746094,4.62,27.0,1597269806318
0.0,0.0,4.631,27.0,1597269806674
0.0,0.0,4.631,27.0,1597269806679
0.0,0.0,4.641,27.0,1597269806685
0.0,0.0,4.641,27.0,1597269806698
0.0,0.0,4.651,27.0,1597269806703
0.0,0.0,4.651,27.0,1597269806729
0.0,0.0,4.651,27.0,1597269807503
0.0,0.0,4.651,27.0,1597269807507
0.0,0.0,4.641,27.0,1597269807516
0.0,0.0,4.651,27.0,1597269807522
0.0,0.0,4.651,27.0,1597269807528
0.0,0.0,4.641,27.0,1597269807542
0.0,0.0,4.641,27.0,1597269807546
0.0,0.0,4.641,27.0,1597269807550
0.0,0.0,4.641,27.0,1597269807554
0.0,0.0,4.631,27.0,1597269807557
0.0,0.0,4.641,27.0,1597269807604
0.0,0.0,4.631,27.0,1597269807782
35.162498474121094,139.61569213867188,4.631,27.0,1597269807785
0.0,0.0,4.641,27.0,1597269808189
0.0,0.0,4.651,27.0,1597269808197
0.0,0.0,4.651,27.0,1597269808199
0.0,0.0,4.662,27.0,1597269808212
0.0,0.0,4.662,27.0,1597269808216
0.0,0.0,4.672,27.0,1597269808221
0.0,0.0,4.672,27.0,1597269808227
0.0,0.0,4.683,27.0,1597269808373
0.0,0.0,4.683,27.0,1597269808381
0.0,0.0,4.683,27.0,1597269808385
0.0,0.0,4.693,27.0,1597269808444
0.0,0.0,4.693,27.0,1597269808676
0.0,0.0,4.703,27.0,1597269808679
0.0,0.0,4.703,27.0,1597269808683
0.0,0.0,4.703,27.0,1597269808725
0.0,0.0,4.714,27.0,1597269808982
0.0,0.0,4.714,27.0,1597269808986
0.0,0.0,4.714,27.0,1597269808989
0.0,0.0,4.703,27.0,1597269809075
0.0,0.0,4.703,27.0,1597269809295
35.162513732910156,139.6156768798828,4.703,27.0,1597269809299
0.0,0.0,4.703,27.0,1597269809548
0.0,0.0,4.703,27.0,1597269809553
0.0,0.0,4.703,27.0,1597269809564
0.0,0.0,4.703,27.0,1597269809607
0.0,0.0,4.703,27.0,1597269809611
0.0,0.0,4.714,27.0,1597269809614
0.0,0.0,4.714,27.0,1597269809634
0.0,0.0,4.724,27.0,1597269809707
0.0,0.0,4.724,27.0,1597269809905
0.0,0.0,4.724,27.0,1597269809914
0.0,0.0,4.724,27.0,1597269809920
0.0,0.0,4.724,27.0,1597269809984
0.0,0.0,4.724,27.0,1597269810140
0.0,0.0,4.724,27.0,1597269810264
0.0,0.0,4.724,27.0,1597269810334
0.0,0.0,4.724,27.0,1597269810405
0.0,0.0,4.714,27.0,1597269810475
0.0,0.0,4.714,27.0,1597269810549
0.0,0.0,4.714,27.0,1597269810906
0.0,0.0,4.714,27.0,1597269810910
0.0,0.0,4.714,27.0,1597269810916
0.0,0.0,4.703,27.0,1597269810920
0.0,0.0,4.703,27.0,1597269810964
0.0,0.0,4.703,27.0,1597269811040
0.0,0.0,4.693,27.0,1597269811104
0.0,0.0,4.693,27.0,1597269811175
0.0,0.0,4.683,27.0,1597269811245
0.0,0.0,4.683,27.0,1597269811325
0.0,0.0,4.672,27.0,1597269811553
0.0,0.0,4.672,27.0,1597269811556
0.0,0.0,4.672,27.0,1597269811605
0.0,0.0,4.672,27.0,1597269811735
0.0,0.0,4.662,27.0,1597269811805
35.16252517700195,139.61566162109375,4.662,27.0,1597269812140
0.0,0.0,4.662,27.0,1597269812438
0.0,0.0,4.662,27.0,1597269812442
0.0,0.0,4.662,27.0,1597269812447
0.0,0.0,4.651,27.0,1597269812450
0.0,0.0,4.651,27.0,1597269812452
0.0,0.0,4.641,27.0,1597269812462
0.0,0.0,4.641,27.0,1597269812468
0.0,0.0,4.631,27.0,1597269812472
0.0,0.0,4.631,27.0,1597269812481
0.0,0.0,4.62,27.0,1597269812504
0.0,0.0,4.62,27.0,1597269812574
0.0,0.0,4.62,27.0,1597269812643
0.0,0.0,4.61,27.0,1597269812716
0.0,0.0,4.61,27.0,1597269812783
0.0,0.0,4.61,27.0,1597269812856
0.0,0.0,4.599,27.0,1597269812932
0.0,0.0,4.599,27.0,1597269812995
0.0,0.0,4.589,27.0,1597269813067
0.0,0.0,4.579,27.0,1597269813134
0.0,0.0,4.579,27.0,1597269813206
0.0,0.0,4.568,27.0,1597269813273
0.0,0.0,4.568,27.0,1597269813343
0.0,0.0,4.558,27.0,1597269813413
0.0,0.0,4.558,27.0,1597269813484
35.16253662109375,139.6156463623047,4.558,27.0,1597269813489
0.0,0.0,4.558,27.0,1597269813752
0.0,0.0,4.547,27.0,1597269813755
0.0,0.0,4.547,27.0,1597269813764
0.0,0.0,4.537,27.0,1597269813904
0.0,0.0,4.537,27.0,1597269813979
0.0,0.0,4.537,27.0,1597269814049
0.0,0.0,4.537,27.0,1597269814114
0.0,0.0,4.537,27.0,1597269814183
0.0,0.0,4.527,27.0,1597269814323
0.0,0.0,4.527,27.0,1597269814393
0.0,0.0,4.527,27.0,1597269814533
0.0,0.0,4.527,27.0,1597269814603
0.0,0.0,4.527,27.0,1597269814674
0.0,0.0,4.527,27.0,1597269814744
0.0,0.0,4.527,27.0,1597269814830
0.0,0.0,4.527,27.0,1597269815151
0.0,0.0,4.527,27.0,1597269815154
0.0,0.0,4.527,27.0,1597269815162
0.0,0.0,4.527,27.0,1597269815170
0.0,0.0,4.527,27.0,1597269815342
0.0,0.0,4.527,27.0,1597269815375
0.0,0.0,4.516,27.0,1597269815444
0.0,0.0,4.516,27.0,1597269815513
0.0,0.0,4.516,27.0,1597269815584
0.0,0.0,4.516,27.0,1597269815653
0.0,0.0,4.516,27.0,1597269815724
0.0,0.0,4.516,27.0,1597269815799
0.0,0.0,4.516,27.0,1597269815874
0.0,0.0,4.516,27.0,1597269815933
0.0,0.0,4.516,27.0,1597269816003
0.0,0.0,4.516,27.0,1597269816073
0.0,0.0,4.516,27.0,1597269816213
35.16255187988281,139.61563110351562,4.516,27.0,1597269816216
0.0,0.0,4.527,27.0,1597269816479
0.0,0.0,4.527,27.0,1597269816483
0.0,0.0,4.527,27.0,1597269816486
0.0,0.0,4.527,27.0,1597269816493
0.0,0.0,4.537,27.0,1597269816571
0.0,0.0,4.537,27.0,1597269816634
0.0,0.0,4.537,27.0,1597269816773
0.0,0.0,4.537,27.0,1597269816848
0.0,0.0,4.547,27.0,1597269817390
0.0,0.0,4.537,27.0,1597269817394
0.0,0.0,4.537,27.0,1597269817399
0.0,0.0,4.537,27.0,1597269817401
0.0,0.0,4.537,27.0,1597269817404
0.0,0.0,4.537,27.0,1597269817407
0.0,0.0,4.527,27.0,1597269817410
0.0,0.0,4.527,27.0,1597269817412
0.0,0.0,4.527,27.0,1597269817473
0.0,0.0,4.527,27.0,1597269817613
35.162567138671875,139.61561584472656,4.527,27.0,1597269817616
0.0,0.0,4.527,27.0,1597269817857
0.0,0.0,4.527,27.0,1597269817861
0.0,0.0,4.527,27.0,1597269817865
0.0,0.0,4.537,27.0,1597269818033
0.0,0.0,4.537,27.0,1597269818108
0.0,0.0,4.537,27.0,1597269818248
0.0,0.0,4.527,27.0,1597269818313
0.0,0.0,4.527,27.0,1597269818384
0.0,0.0,4.537,27.0,1597269818455
0.0,0.0,4.537,27.0,1597269818524
0.0,0.0,4.537,27.0,1597269818593
0.0,0.0,4.547,27.0,1597269818663
0.0,0.0,4.547,27.0,1597269818734
0.0,0.0,4.537,27.0,1597269818807
0.0,0.0,4.527,27.0,1597269818874
0.0,0.0,4.527,27.0,1597269819326
0.0,0.0,4.527,27.0,1597269819337
0.0,0.0,4.527,27.0,1597269819380
0.0,0.0,4.527,27.0,1597269819384
0.0,0.0,4.516,27.0,1597269819387
0.0,0.0,4.516,27.0,1597269819390
0.0,0.0,4.516,27.0,1597269819434
0.0,0.0,4.506,27.0,1597269819504
0.0,0.0,4.516,27.0,1597269819573
0.0,0.0,4.516,27.0,1597269819643
0.0,0.0,4.516,27.0,1597269819713
0.0,0.0,4.516,27.0,1597269819784
0.0,0.0,4.516,27.0,1597269819855
0.0,0.0,4.516,27.0,1597269819929
0.0,0.0,4.506,27.0,1597269819993
0.0,0.0,4.506,27.0,1597269820063
0.0,0.0,4.506,27.0,1597269820136
0.0,0.0,4.495,27.0,1597269820203
0.0,0.0,4.495,27.0,1597269820273
0.0,0.0,4.485,27.0,1597269820370
35.162574768066406,139.61561584472656,4.485,27.0,1597269820378
0.0,0.0,4.475,27.0,1597269820599
0.0,0.0,4.475,27.0,1597269820602
0.0,0.0,4.475,27.0,1597269820624
0.0,0.0,4.475,27.0,1597269820694
0.0,0.0,4.475,27.0,1597269820763
0.0,0.0,4.464,27.0,1597269820903
0.0,0.0,4.464,27.0,1597269820974
0.0,0.0,4.454,27.0,1597269821043
0.0,0.0,4.454,27.0,1597269821114
0.0,0.0,4.454,27.0,1597269821191
0.0,0.0,4.464,27.0,1597269821253
0.0,0.0,4.464,27.0,1597269821323
0.0,0.0,4.464,27.0,1597269821485
0.0,0.0,4.464,27.0,1597269821533
0.0,0.0,4.464,27.0,1597269821604
35.16258239746094,139.6156005859375,4.464,27.0,1597269821612
0.0,0.0,4.464,27.0,1597269821828
0.0,0.0,4.464,27.0,1597269821830
0.0,0.0,4.464,27.0,1597269822362
0.0,0.0,4.464,27.0,1597269822372
0.0,0.0,4.464,27.0,1597269822404
0.0,0.0,4.464,27.0,1597269822408
0.0,0.0,4.464,27.0,1597269822412
0.0,0.0,4.454,27.0,1597269822415
0.0,0.0,4.454,27.0,1597269822419
0.0,0.0,4.464,27.0,1597269822443
0.0,0.0,4.464,27.0,1597269822514
0.0,0.0,4.464,27.0,1597269822596
0.0,0.0,4.475,27.0,1597269822656
0.0,0.0,4.475,27.0,1597269822725
0.0,0.0,4.475,27.0,1597269822793
0.0,0.0,4.475,27.0,1597269822865
0.0,0.0,4.485,27.0,1597269823176
0.0,0.0,4.495,27.0,1597269823183
0.0,0.0,4.495,27.0,1597269823188
0.0,0.0,4.506,27.0,1597269823191
0.0,0.0,4.506,27.0,1597269823213
0.0,0.0,4.516,27.0,1597269823292
0.0,0.0,4.516,27.0,1597269823355
0.0,0.0,4.516,27.0,1597269823423
0.0,0.0,4.527,27.0,1597269823493
0.0,0.0,4.527,27.0,1597269823565
0.0,0.0,4.527,27.0,1597269823636
0.0,0.0,4.527,27.0,1597269823705
0.0,0.0,4.527,27.0,1597269823843
0.0,0.0,4.537,27.0,1597269823914
0.0,0.0,4.537,27.0,1597269824046
0.0,0.0,4.537,27.0,1597269824053
0.0,0.0,4.547,27.0,1597269824123
0.0,0.0,4.547,27.0,1597269824264
35.16259002685547,139.61558532714844,4.547,27.0,1597269824272
0.0,0.0,4.558,27.0,1597269824668
0.0,0.0,4.558,27.0,1597269824674
0.0,0.0,4.568,27.0,1597269824690
0.0,0.0,4.568,27.0,1597269824695
0.0,0.0,4.579,27.0,1597269824704
0.0,0.0,4.579,27.0,1597269824725
0.0,0.0,4.589,27.0,1597269824753
0.0,0.0,4.589,27.0,1597269824826
0.0,0.0,4.599,27.0,1597269824893
0.0,0.0,4.599,27.0,1597269824965
0.0,0.0,4.599,27.0,1597269825033
0.0,0.0,4.599,27.0,1597269825106
0.0,0.0,4.61,27.0,1597269825173
0.0,0.0,4.62,27.0,1597269825250
0.0,0.0,4.62,27.0,1597269825318
0.0,0.0,4.631,27.0,1597269825386
0.0,0.0,4.631,27.0,1597269825454
0.0,0.0,4.631,27.0,1597269825523
0.0,0.0,4.641,27.0,1597269825593
0.0,0.0,4.641,27.0,1597269825663
0.0,0.0,4.641,27.0,1597269825733
35.16259765625,139.61558532714844,4.641,27.0,1597269825736
0.0,0.0,4.651,27.0,1597269826125
0.0,0.0,4.651,27.0,1597269826130
0.0,0.0,4.651,27.0,1597269826134
0.0,0.0,4.651,27.0,1597269826139
0.0,0.0,4.662,27.0,1597269826147
0.0,0.0,4.662,27.0,1597269826156
0.0,0.0,4.662,27.0,1597269826229
0.0,0.0,4.662,27.0,1597269826295
0.0,0.0,4.662,27.0,1597269826363
0.0,0.0,4.662,27.0,1597269826434
0.0,0.0,4.662,27.0,1597269826506
0.0,0.0,4.662,27.0,1597269826579
0.0,0.0,4.662,27.0,1597269826714
0.0,0.0,4.662,27.0,1597269827516
0.0,0.0,4.672,27.0,1597269827730
0.0,0.0,4.672,27.0,1597269827734
0.0,0.0,4.672,27.0,1597269827738
0.0,0.0,4.683,27.0,1597269827742
0.0,0.0,4.683,27.0,1597269827745
0.0,0.0,4.683,27.0,1597269827754
0.0,0.0,4.683,27.0,1597269827758
0.0,0.0,4.683,27.0,1597269827765
0.0,0.0,4.683,27.0,1597269827770
0.0,0.0,4.683,27.0,1597269827815
0.0,0.0,4.683,27.0,1597269827818
0.0,0.0,4.672,27.0,1597269827828
0.0,0.0,4.672,27.0,1597269827898
0.0,0.0,4.672,27.0,1597269828106
0.0,0.0,4.672,27.0,1597269828111
0.0,0.0,4.672,27.0,1597269828164
0.0,0.0,4.672,27.2,1597269828178
0.0,0.0,4.662,27.2,1597269828394
0.0,0.0,4.662,27.2,1597269828399
0.0,0.0,4.662,27.2,1597269828404
0.0,0.0,4.672,27.2,1597269828461
0.0,0.0,4.662,27.2,1597269828699
0.0,0.0,4.662,27.2,1597269828712
0.0,0.0,4.662,27.2,1597269828714
0.0,0.0,4.662,27.2,1597269828737
0.0,0.0,4.662,27.2,1597269829035
0.0,0.0,4.651,27.2,1597269829043
0.0,0.0,4.651,27.2,1597269829047
0.0,0.0,4.651,27.2,1597269829049
0.0,0.0,4.641,27.2,1597269829088
0.0,0.0,4.641,27.2,1597269829319
0.0,0.0,4.631,27.2,1597269829325
0.0,0.0,4.631,27.2,1597269829367
0.0,0.0,4.62,27.2,1597269829610
0.0,0.0,4.62,27.2,1597269829614
0.0,0.0,4.62,27.2,1597269829621
0.0,0.0,4.62,27.2,1597269829646
0.0,0.0,4.62,27.2,1597269829716
0.0,0.0,4.61,27.2,1597269829915
0.0,0.0,4.61,27.2,1597269829919
0.0,0.0,4.61,27.2,1597269829928
0.0,0.0,4.61,27.2,1597269829997
35.162601470947266,139.6155548095703,4.61,27.2,1597269830146
0.0,0.0,4.61,27.2,1597269830505
0.0,0.0,4.61,27.2,1597269830508
0.0,0.0,4.599,27.2,1597269830515
0.0,0.0,4.599,27.2,1597269830526
0.0,0.0,4.599,27.2,1597269830557
0.0,0.0,4.599,27.2,1597269830703
0.0,0.0,4.599,27.2,1597269830766
0.0,0.0,4.599,27.2,1597269830906
0.0,0.0,4.599,27.2,1597269830976
0.0,0.0,4.599,27.2,1597269831046
0.0,0.0,4.589,27.2,1597269831117
0.0,0.0,4.589,27.2,1597269831186
0.0,0.0,4.589,27.2,1597269831258
0.0,0.0,4.589,27.2,1597269831339
0.0,0.0,4.579,27.2,1597269831396
0.0,0.0,4.579,27.2,1597269831467
0.0,0.0,4.579,27.2,1597269831537
35.16260528564453,139.61553955078125,4.579,27.2,1597269831542
0.0,0.0,4.589,27.2,1597269831801
0.0,0.0,4.589,27.2,1597269831837
0.0,0.0,4.589,27.2,1597269831840
0.0,0.0,4.589,27.2,1597269831846
0.0,0.0,4.599,27.2,1597269831957
0.0,0.0,4.599,27.2,1597269832552
0.0,0.0,4.599,27.2,1597269832556
0.0,0.0,4.589,27.2,1597269832561
0.0,0.0,4.589,27.2,1597269832564
0.0,0.0,4.589,27.2,1597269832567
0.0,0.0,4.579,27.2,1597269832570
0.0,0.0,4.579,27.2,1597269832574
0.0,0.0,4.568,27.2,1597269832577
0.0,0.0,4.568,27.2,1597269832586
0.0,0.0,4.568,27.2,1597269832727
0.0,0.0,4.558,27.2,1597269832796
0.0,0.0,4.558,27.2,1597269832876
0.0,0.0,4.558,27.2,1597269833164
0.0,0.0,4.547,27.2,1597269833169
0.0,0.0,4.547,27.2,1597269833177
0.0,0.0,4.547,27.2,1597269833186
0.0,0.0,4.547,27.2,1597269833220
0.0,0.0,4.547,27.2,1597269833356
0.0,0.0,4.547,27.2,1597269833426
0.0,0.0,4.558,27.2,1597269833672
0.0,0.0,4.568,27.2,1597269833676
0.0,0.0,4.568,27.2,1597269833706
0.0,0.0,4.579,27.2,1597269833777
0.0,0.0,4.579,27.2,1597269833846
0.0,0.0,4.579,27.2,1597269833917
0.0,0.0,4.579,27.2,1597269833986
0.0,0.0,4.589,27.2,1597269834056
0.0,0.0,4.589,27.2,1597269834139
0.0,0.0,4.579,27.2,1597269834204
35.16261291503906,139.6155242919922,4.579,27.2,1597269834207
0.0,0.0,4.579,27.2,1597269834501
0.0,0.0,4.579,27.2,1597269834507
0.0,0.0,4.589,27.2,1597269834511
0.0,0.0,4.589,27.2,1597269834547
0.0,0.0,4.589,27.2,1597269834617
0.0,0.0,4.599,27.2,1597269834686
0.0,0.0,4.599,27.2,1597269834757
0.0,0.0,4.599,27.2,1597269834900
0.0,0.0,4.61,27.2,1597269834971
0.0,0.0,4.61,27.2,1597269835037
0.0,0.0,4.61,27.2,1597269835106
0.0,0.0,4.62,27.2,1597269835176
0.0,0.0,4.62,27.2,1597269835316
0.0,0.0,4.631,27.2,1597269835386
0.0,0.0,4.631,27.2,1597269835465
0.0,0.0,4.631,27.2,1597269835527
35.162620544433594,139.61550903320312,4.631,27.2,1597269835530
0.0,0.0,4.641,27.2,1597269835779
0.0,0.0,4.641,27.2,1597269835789
0.0,0.0,4.651,27.2,1597269835795
0.0,0.0,4.651,27.2,1597269835806
0.0,0.0,4.651,27.2,1597269835876
0.0,0.0,4.651,27.2,1597269835946
0.0,0.0,4.651,27.2,1597269836016
0.0,0.0,4.651,27.2,1597269836087
0.0,0.0,4.662,27.2,1597269836171
0.0,0.0,4.662,27.2,1597269836229
0.0,0.0,4.672,27.2,1597269836297
0.0,0.0,4.683,27.2,1597269836370
0.0,0.0,4.693,27.2,1597269836438
0.0,0.0,4.693,27.2,1597269836513
0.0,0.0,4.693,27.2,1597269836583
0.0,0.0,4.703,27.2,1597269836647
0.0,0.0,4.703,27.2,1597269836719
0.0,0.0,4.714,27.2,1597269836790
0.0,0.0,4.714,27.2,1597269837076
0.0,0.0,4.714,27.2,1597269837079
0.0,0.0,4.714,27.2,1597269837083
0.0,0.0,4.714,27.2,1597269837088
0.0,0.0,4.724,27.2,1597269837137
0.0,0.0,4.724,27.2,1597269837665
0.0,0.0,4.724,27.2,1597269837668
0.0,0.0,4.735,27.2,1597269837672
0.0,0.0,4.745,27.2,1597269837675
0.0,0.0,4.745,27.2,1597269837677
0.0,0.0,4.756,27.2,1597269837680
0.0,0.0,4.766,27.2,1597269837697
0.0,0.0,4.776,27.2,1597269837768
0.0,0.0,4.776,27.2,1597269837838
0.0,0.0,4.787,27.2,1597269837907
0.0,0.0,4.787,27.2,1597269837977
0.0,0.0,4.787,27.2,1597269838048
0.0,0.0,4.797,27.2,1597269838118
35.16263198852539,139.61549377441406,4.797,27.2,1597269838125
0.0,0.0,4.797,27.2,1597269838412
0.0,0.0,4.797,27.2,1597269838432
0.0,0.0,4.787,27.2,1597269838436
0.0,0.0,4.787,27.2,1597269838440
0.0,0.0,4.787,27.2,1597269838467
0.0,0.0,4.776,27.2,1597269838544
0.0,0.0,4.776,27.2,1597269838608
0.0,0.0,4.776,27.2,1597269838677
0.0,0.0,4.766,27.2,1597269838748
0.0,0.0,4.766,27.2,1597269838818
0.0,0.0,4.766,27.2,1597269838896
0.0,0.0,4.766,27.2,1597269838958
0.0,0.0,4.766,27.2,1597269839027
0.0,0.0,4.766,27.2,1597269839168
0.0,0.0,4.766,27.2,1597269839237
0.0,0.0,4.776,27.2,1597269839308
0.0,0.0,4.776,27.2,1597269839377
0.0,0.0,4.776,27.2,1597269839448
35.16264724731445,139.615478515625,4.776,27.2,1597269839453
0.0,0.0,4.787,27.2,1597269839697
0.0,0.0,4.787,27.2,1597269839700
0.0,0.0,4.787,27.2,1597269839708
0.0,0.0,4.787,27.2,1597269839797
0.0,0.0,4.787,27.2,1597269839867
0.0,0.0,4.776,27.2,1597269839938
0.0,0.0,4.776,27.2,1597269840008
0.0,0.0,4.776,27.2,1597269840077
0.0,0.0,4.776,27.2,1597269840147
0.0,0.0,4.766,27.2,1597269840217
0.0,0.0,4.766,27.2,1597269840287
0.0,0.0,4.766,27.2,1597269840364
0.0,0.0,4.766,27.2,1597269840429
0.0,0.0,4.766,27.2,1597269840514
0.0,0.0,4.766,27.2,1597269840568
0.0,0.0,4.776,27.2,1597269840637
0.0,0.0,4.776,27.2,1597269840707
0.0,0.0,4.776,27.2,1597269840989
0.0,0.0,4.776,27.2,1597269841004
0.0,0.0,4.776,27.2,1597269841008
0.0,0.0,4.776,27.2,1597269841022
0.0,0.0,4.776,27.2,1597269841057
0.0,0.0,4.776,27.2,1597269841128
0.0,0.0,4.766,27.2,1597269841198
0.0,0.0,4.766,27.2,1597269841267
0.0,0.0,4.756,27.2,1597269841351
0.0,0.0,4.756,27.2,1597269841411
0.0,0.0,4.756,27.2,1597269841477
0.0,0.0,4.745,27.2,1597269841548
0.0,0.0,4.745,27.2,1597269841618
0.0,0.0,4.735,27.2,1597269841696
0.0,0.0,4.735,27.2,1597269841864
0.0,0.0,4.724,27.2,1597269841867
0.0,0.0,4.724,27.2,1597269841899
0.0,0.0,4.714,27.2,1597269841970
0.0,0.0,4.714,27.2,1597269842038
35.16265869140625,139.61546325683594,4.714,27.2,1597269842041
0.0,0.0,4.714,27.2,1597269842684
0.0,0.0,4.714,27.2,1597269842688
0.0,0.0,4.703,27.2,1597269842697
0.0,0.0,4.703,27.2,1597269842703
0.0,0.0,4.693,27.2,1597269842708
0.0,0.0,4.693,27.2,1597269842739
0.0,0.0,4.683,27.2,1597269842814
0.0,0.0,4.683,27.2,1597269842877
0.0,0.0,4.672,27.2,1597269842948
0.0,0.0,4.672,27.2,1597269843017
0.0,0.0,4.672,27.2,1597269843087
0.0,0.0,4.662,27.2,1597269843157
0.0,0.0,4.662,27.2,1597269843228
0.0,0.0,4.662,27.2,1597269843298
0.0,0.0,4.662,27.2,1597269843368
35.16267013549805,139.61544799804688,4.662,27.2,1597269843373
0.0,0.0,4.662,27.2,1597269843656
0.0,0.0,4.662,27.2,1597269843662
0.0,0.0,4.662,27.2,1597269843667
0.0,0.0,4.662,27.2,1597269843670
0.0,0.0,4.662,27.2,1597269843717
0.0,0.0,4.662,27.2,1597269843787
0.0,0.0,4.662,27.2,1597269843865
0.0,0.0,4.662,27.2,1597269843927
0.0,0.0,4.662,27.2,1597269844067
0.0,0.0,4.662,27.2,1597269844156
0.0,0.0,4.662,27.2,1597269844207
0.0,0.0,4.662,27.2,1597269844277
0.0,0.0,4.662,27.2,1597269844348
0.0,0.0,4.662,27.2,1597269844417
0.0,0.0,4.651,27.2,1597269844487
0.0,0.0,4.651,27.2,1597269844567
0.0,0.0,4.651,27.2,1597269844626
0.0,0.0,4.651,27.2,1597269844699
0.0,0.0,4.651,27.2,1597269844988
0.0,0.0,4.641,27.2,1597269844997
0.0,0.0,4.651,27.2,1597269845015
0.0,0.0,4.651,27.2,1597269845020
0.0,0.0,4.651,27.2,1597269845046
0.0,0.0,4.651,27.2,1597269845122
0.0,0.0,4.651,27.2,1597269845186
0.0,0.0,4.651,27.2,1597269845256
0.0,0.0,4.651,27.2,1597269845344
0.0,0.0,4.651,27.2,1597269845403
0.0,0.0,4.641,27.2,1597269845467
0.0,0.0,4.641,27.2,1597269845536
0.0,0.0,4.641,27.2,1597269845606
0.0,0.0,4.641,27.2,1597269845677
0.0,0.0,4.631,27.2,1597269845749
0.0,0.0,4.631,27.2,1597269845816
0.0,0.0,4.631,27.2,1597269845886
0.0,0.0,4.631,27.2,1597269846027
35.162681579589844,139.61544799804688,4.631,27.2,1597269846030
0.0,0.0,4.631,27.2,1597269846266
0.0,0.0,4.631,27.2,1597269846295
0.0,0.0,4.631,27.2,1597269846301
0.0,0.0,4.631,27.2,1597269846306
0.0,0.0,4.641,27.2,1597269846376
0.0,0.0,4.641,27.2,1597269846446
0.0,0.0,4.641,27.2,1597269846516
0.0,0.0,4.651,27.2,1597269846591
0.0,0.0,4.651,27.2,1597269846656
0.0,0.0,4.651,27.2,1597269846726
0.0,0.0,4.662,27.2,1597269846797
0.0,0.0,4.662,27.2,1597269846867
0.0,0.0,4.662,27.2,1597269846937
0.0,0.0,4.651,27.2,1597269847022
0.0,0.0,4.651,27.2,1597269847088
0.0,0.0,4.662,27.2,1597269847147
0.0,0.0,4.662,27.2,1597269847256
0.0,0.0,4.662,27.2,1597269847288
0.0,0.0,4.651,27.2,1597269847357
35.16269302368164,139.6154327392578,4.651,27.2,1597269847359
0.0,0.0,4.651,27.2,1597269847752
0.0,0.0,4.662,27.2,1597269847755
0.0,0.0,4.662,27.2,1597269847759
0.0,0.0,4.662,27.2,1597269848460
0.0,0.0,4.672,27.2,1597269848471
0.0,0.0,4.672,27.2,1597269848474
0.0,0.0,4.672,27.2,1597269848477
0.0,0.0,4.683,27.2,1597269848487
0.0,0.0,4.683,27.2,1597269848493
0.0,0.0,4.683,27.2,1597269848497
0.0,0.0,4.683,27.2,1597269848502
0.0,0.0,4.683,27.2,1597269848506
0.0,0.0,4.683,27.2,1597269848509
0.0,0.0,4.683,27.2,1597269848767
0.0,0.0,4.683,27.2,1597269849107
0.0,0.0,4.683,27.2,1597269849114
0.0,0.0,4.683,27.2,1597269849120
0.0,0.0,4.683,27.2,1597269849124
0.0,0.0,4.683,27.2,1597269849136
0.0,0.0,4.672,27.2,1597269849144
0.0,0.0,4.672,27.2,1597269849148
0.0,0.0,4.683,27.2,1597269849374
0.0,0.0,4.683,27.2,1597269849378
0.0,0.0,4.683,27.2,1597269849402
0.0,0.0,4.683,27.2,1597269849472
0.0,0.0,4.683,27.2,1597269849674
0.0,0.0,4.683,27.2,1597269849678
0.0,0.0,4.693,27.2,1597269849752
0.0,0.0,4.693,27.2,1597269850032
35.16270065307617,139.6154327392578,4.693,27.2,1597269850261
0.0,0.0,4.693,27.2,1597269850636
0.0,0.0,4.693,27.2,1597269850648
0.0,0.0,4.703,27.2,1597269850658
0.0,0.0,4.703,27.2,1597269850670
0.0,0.0,4.703,27.2,1597269850673
0.0,0.0,4.693,27.2,1597269850677
0.0,0.0,4.693,27.2,1597269850693
0.0,0.0,4.693,27.2,1597269850698
0.0,0.0,4.693,27.2,1597269850702
0.0,0.0,4.703,27.2,1597269850732
0.0,0.0,4.703,27.2,1597269850802
0.0,0.0,4.693,27.2,1597269850872
0.0,0.0,4.703,27.2,1597269850944
0.0,0.0,4.703,27.2,1597269851012
0.0,0.0,4.703,27.2,1597269851182
0.0,0.0,4.703,27.2,1597269851222
0.0,0.0,4.703,27.2,1597269851293
0.0,0.0,4.703,27.2,1597269851362
0.0,0.0,4.714,27.2,1597269851432
0.0,0.0,4.714,27.2,1597269851503
0.0,0.0,4.714,27.2,1597269851572
0.0,0.0,4.714,27.2,1597269851642
35.1627082824707,139.61541748046875,4.714,27.2,1597269851649
0.0,0.0,4.714,27.2,1597269851862
0.0,0.0,4.714,27.2,1597269851867
0.0,0.0,4.714,27.2,1597269851923
0.0,0.0,4.714,27.2,1597269851992
0.0,0.0,4.714,27.2,1597269852062
0.0,0.0,4.714,27.2,1597269852133
0.0,0.0,4.714,27.2,1597269852203
0.0,0.0,4.714,27.2,1597269852342
0.0,0.0,4.714,27.2,1597269852412
0.0,0.0,4.714,27.2,1597269852482
0.0,0.0,4.714,27.2,1597269852552
0.0,0.0,4.714,27.2,1597269852627
0.0,0.0,4.714,27.2,1597269852693
0.0,0.0,4.714,27.2,1597269852762
0.0,0.0,4.714,27.2,1597269852833
0.0,0.0,4.724,27.2,1597269853435
0.0,0.0,4.724,27.2,1597269853660
0.0,0.0,4.724,27.2,1597269853665
0.0,0.0,4.724,27.2,1597269853669
0.0,0.0,4.724,27.2,1597269853672
0.0,0.0,4.724,27.2,1597269853677
0.0,0.0,4.724,27.2,1597269853689
0.0,0.0,4.724,27.2,1597269853693
0.0,0.0,4.724,27.2,1597269853697
0.0,0.0,4.714,27.2,1597269853708
0.0,0.0,4.714,27.2,1597269853883
0.0,0.0,4.714,27.2,1597269854093
0.0,0.0,4.724,27.2,1597269854163
0.0,0.0,4.724,27.2,1597269854304
0.0,0.0,4.724,27.2,1597269854373
0.0,0.0,4.724,27.2,1597269854443
0.0,0.0,4.724,27.2,1597269854513
0.0,0.0,4.724,27.2,1597269854583
0.0,0.0,4.724,27.2,1597269854724
0.0,0.0,4.724,27.2,1597269855121
0.0,0.0,4.724,27.2,1597269855144
0.0,0.0,4.724,27.2,1597269855149
0.0,0.0,4.724,27.2,1597269855155
0.0,0.0,4.724,27.2,1597269855159
0.0,0.0,4.724,27.2,1597269855213
0.0,0.0,4.724,27.2,1597269855283
0.0,0.0,4.724,27.2,1597269855354
0.0,0.0,4.714,27.2,1597269855432
0.0,0.0,4.714,27.2,1597269855493
0.0,0.0,4.714,27.2,1597269855563
0.0,0.0,4.724,27.2,1597269855703
0.0,0.0,4.724,27.2,1597269855773
0.0,0.0,4.724,27.2,1597269855843
0.0,0.0,4.724,27.2,1597269855916
0.0,0.0,4.724,27.2,1597269855983
0.0,0.0,4.724,27.2,1597269856053
0.0,0.0,4.724,27.2,1597269856123
35.1627197265625,139.61541748046875,4.724,27.2,1597269856264
0.0,0.0,4.724,27.2,1597269856554
0.0,0.0,4.714,27.2,1597269856558
0.0,0.0,4.714,27.2,1597269856563
0.0,0.0,4.714,27.2,1597269856567
0.0,0.0,4.714,27.2,1597269856572
0.0,0.0,4.714,27.2,1597269856613
0.0,0.0,4.714,27.2,1597269856683
0.0,0.0,4.714,27.2,1597269856823
0.0,0.0,4.714,27.2,1597269856893
0.0,0.0,4.714,27.2,1597269856963
0.0,0.0,4.714,27.2,1597269857034
0.0,0.0,4.714,27.2,1597269857108
0.0,0.0,4.714,27.2,1597269857173
0.0,0.0,4.714,27.2,1597269857245
0.0,0.0,4.724,27.2,1597269857313
0.0,0.0,4.724,27.2,1597269857453
0.0,0.0,4.735,27.2,1597269857523
0.0,0.0,4.735,27.2,1597269857593
35.16272735595703,139.6154022216797,4.735,27.2,1597269857596
0.0,0.0,4.735,27.2,1597269857809
0.0,0.0,4.745,27.2,1597269857813
0.0,0.0,4.745,27.2,1597269857819
0.0,0.0,4.745,27.2,1597269858373
0.0,0.0,4.745,27.2,1597269858392
0.0,0.0,4.745,27.2,1597269858400
0.0,0.0,4.745,27.2,1597269858407
0.0,0.0,4.745,27.2,1597269858413
0.0,0.0,4.745,27.2,1597269858432
0.0,0.0,4.745,27.2,1597269858438
0.0,0.0,4.745,27.2,1597269858442
0.0,0.0,4.745,27.2,1597269858503
0.0,0.0,4.745,27.2,1597269858573
0.0,0.0,4.756,27.2,1597269858643
0.0,0.0,4.756,27.2,1597269858713
0.0,0.0,4.756,27.2,1597269858862
0.0,0.0,4.766,27.2,1597269859159
0.0,0.0,4.766,27.2,1597269859169
0.0,0.0,4.766,27.2,1597269859179
0.0,0.0,4.766,27.2,1597269859184
0.0,0.0,4.776,27.2,1597269859189
0.0,0.0,4.776,27.2,1597269859203
0.0,0.0,4.776,27.2,1597269859273
0.0,0.0,4.776,27.2,1597269859483
0.0,0.0,4.776,27.2,1597269859832
0.0,0.0,4.776,27.2,1597269859972
0.0,0.0,4.776,27.2,1597269860054
0.0,0.0,4.776,27.2,1597269860113
0.0,0.0,4.766,27.2,1597269860183
35.16273498535156,139.6154022216797,4.766,27.2,1597269860185
0.0,0.0,4.766,27.2,1597269860609
0.0,0.0,4.756,27.2,1597269860644
0.0,0.0,4.756,27.2,1597269860648
0.0,0.0,4.745,27.2,1597269860651
0.0,0.0,4.745,27.2,1597269860654
0.0,0.0,4.735,27.2,1597269860673
0.0,0.0,4.735,27.2,1597269860813
0.0,0.0,4.735,27.2,1597269860953
0.0,0.0,4.724,27.2,1597269861024
0.0,0.0,4.724,27.2,1597269861093
0.0,0.0,4.724,27.2,1597269861164
0.0,0.0,4.724,27.2,1597269861373
0.0,0.0,4.724,27.2,1597269861443
0.0,0.0,4.714,27.2,1597269861513
0.0,0.0,4.714,27.2,1597269861585
0.0,0.0,4.714,27.2,1597269861653
35.16274642944336,139.61538696289062,4.714,27.2,1597269861658
0.0,0.0,4.703,27.2,1597269861877
0.0,0.0,4.703,27.2,1597269861888
0.0,0.0,4.703,27.2,1597269861898
0.0,0.0,4.693,27.2,1597269861933
0.0,0.0,4.693,27.2,1597269862003
0.0,0.0,4.683,27.2,1597269862155
0.0,0.0,4.683,27.2,1597269862158
0.0,0.0,4.672,27.2,1597269862213
0.0,0.0,4.672,27.2,1597269862283
0.0,0.0,4.662,27.2,1597269862353
0.0,0.0,4.662,27.2,1597269862422
0.0,0.0,4.662,27.2,1597269862493
0.0,0.0,4.662,27.2,1597269862707
0.0,0.0,4.672,27.2,1597269862773
0.0,0.0,4.683,27.2,1597269863374
35.16276168823242,139.61537170410156,4.683,27.2,1597269863383
0.0,0.0,4.693,27.2,1597269863590
0.0,0.0,4.703,27.2,1597269863597
0.0,0.0,4.714,27.2,1597269863601
0.0,0.0,4.724,27.2,1597269863610
0.0,0.0,4.735,27.2,1597269863620
0.0,0.0,4.745,27.2,1597269863625
0.0,0.0,4.756,27.2,1597269863629
0.0,0.0,4.766,27.2,1597269863633
0.0,0.0,4.766,27.2,1597269863754
0.0,0.0,4.776,27.2,1597269863824
0.0,0.0,4.787,27.2,1597269863964
0.0,0.0,4.787,27.2,1597269864034
0.0,0.0,4.787,27.2,1597269864104
0.0,0.0,4.797,27.2,1597269864174
0.0,0.0,4.797,27.2,1597269864246
0.0,0.0,4.808,27.2,1597269864314
0.0,0.0,4.808,27.2,1597269864384
0.0,0.0,4.818,27.2,1597269864454
0.0,0.0,4.818,27.2,1597269864524
0.0,0.0,4.828,27.2,1597269864701
0.0,0.0,4.839,27.2,1597269864926
0.0,0.0,4.849,27.2,1597269864934
0.0,0.0,4.86,27.2,1597269864938
0.0,0.0,4.87,27.2,1597269864944
0.0,0.0,4.88,27.2,1597269865014
0.0,0.0,4.891,27.2,1597269865084
0.0,0.0,4.901,27.2,1597269865224
0.0,0.0,4.912,27.2,1597269865294
0.0,0.0,4.912,27.2,1597269865434
0.0,0.0,4.922,27.2,1597269865573
0.0,0.0,4.922,27.2,1597269865713
0.0,0.0,4.922,27.2,1597269865788
0.0,0.0,4.912,27.2,1597269865854
0.0,0.0,4.901,27.2,1597269865925
0.0,0.0,4.891,27.2,1597269865994
35.162776947021484,139.6153564453125,4.891,27.2,1597269866002
0.0,0.0,4.891,27.2,1597269866374
0.0,0.0,4.88,27.2,1597269866380
0.0,0.0,4.88,27.2,1597269866383
0.0,0.0,4.87,27.2,1597269866391
0.0,0.0,4.88,27.2,1597269866395
0.0,0.0,4.88,27.2,1597269866414
0.0,0.0,4.88,27.2,1597269866484
0.0,0.0,4.88,27.2,1597269866554
0.0,0.0,4.88,27.2,1597269866693
0.0,0.0,4.88,27.2,1597269866764
0.0,0.0,4.891,27.2,1597269866846
0.0,0.0,4.891,27.2,1597269866974
0.0,0.0,4.891,27.2,1597269867045
0.0,0.0,4.891,27.2,1597269867114
0.0,0.0,4.891,27.2,1597269867185
0.0,0.0,4.88,27.2,1597269867254
0.0,0.0,4.88,27.2,1597269867325
0.0,0.0,4.88,27.2,1597269867394
35.16278839111328,139.61534118652344,4.88,27.2,1597269867396
0.0,0.0,4.87,27.2,1597269867681
0.0,0.0,4.87,27.2,1597269867684
0.0,0.0,4.87,27.2,1597269867688
0.0,0.0,4.86,27.2,1597269867693
0.0,0.0,4.86,27.2,1597269868457
0.0,0.0,4.849,27.2,1597269868463
0.0,0.0,4.849,27.2,1597269868469
0.0,0.0,4.839,27.2,1597269868473
0.0,0.0,4.839,27.2,1597269868477
0.0,0.0,4.828,27.2,1597269868481
0.0,0.0,4.818,27.2,1597269868499
0.0,0.0,4.818,27.2,1597269868505
0.0,0.0,4.808,27.2,1597269868510
0.0,0.0,4.808,27.2,1597269868514
0.0,0.0,4.808,27.2,1597269868520
0.0,0.0,4.808,27.2,1597269868560
0.0,0.0,4.797,27.2,1597269868754
0.0,0.0,4.797,27.2,1597269868964
0.0,0.0,4.797,27.2,1597269868971
0.0,0.0,4.787,27.2,1597269868975
0.0,0.0,4.797,27.2,1597269869349
0.0,0.0,4.797,27.2,1597269869353
0.0,0.0,4.787,27.2,1597269869357
0.0,0.0,4.787,27.2,1597269869400
0.0,0.0,4.776,27.2,1597269869654
0.0,0.0,4.776,27.2,1597269869657
0.0,0.0,4.787,27.2,1597269869661
0.0,0.0,4.787,27.2,1597269869681
0.0,0.0,4.776,27.2,1597269869750
0.0,0.0,4.776,27.2,1597269869957
0.0,0.0,4.776,27.2,1597269869960
0.0,0.0,4.776,27.2,1597269869965
0.0,0.0,4.776,27.2,1597269870030
35.16279983520508,139.61532592773438,4.776,27.2,1597269870033
0.0,0.0,4.776,27.2,1597269870313
0.0,0.0,4.776,27.2,1597269870343
0.0,0.0,4.776,27.2,1597269870348
0.0,0.0,4.776,27.2,1597269870353
0.0,0.0,4.776,27.2,1597269870381
0.0,0.0,4.776,27.2,1597269870607
0.0,0.0,4.766,27.2,1597269870612
0.0,0.0,4.766,27.2,1597269870616
0.0,0.0,4.766,27.2,1597269870661
0.0,0.0,4.766,27.2,1597269870730
0.0,0.0,4.766,27.2,1597269870800
0.0,0.0,4.766,27.2,1597269870870
0.0,0.0,4.766,27.2,1597269870939
0.0,0.0,4.756,27.2,1597269871010
0.0,0.0,4.766,27.2,1597269871080
0.0,0.0,4.766,27.2,1597269871150
0.0,0.0,4.766,27.2,1597269871222
0.0,0.0,4.766,27.2,1597269871290
0.0,0.0,4.766,27.2,1597269871361
35.16281509399414,139.6153106689453,4.766,27.2,1597269871365
0.0,0.0,4.766,27.2,1597269871680
0.0,0.0,4.766,27.2,1597269871684
0.0,0.0,4.766,27.2,1597269871689
0.0,0.0,4.776,27.2,1597269871711
0.0,0.0,4.776,27.2,1597269871780
0.0,0.0,4.776,27.2,1597269871850
0.0,0.0,4.776,27.2,1597269871920
0.0,0.0,4.776,27.2,1597269871990
0.0,0.0,4.776,27.2,1597269872061
0.0,0.0,4.776,27.2,1597269872133
0.0,0.0,4.776,27.2,1597269872200
0.0,0.0,4.787,27.2,1597269872269
0.0,0.0,4.787,27.2,1597269872410
0.0,0.0,4.787,27.2,1597269872479
0.0,0.0,4.787,27.2,1597269872549
0.0,0.0,4.787,27.2,1597269872622
0.0,0.0,4.787,27.2,1597269872690
0.0,0.0,4.787,27.2,1597269872939
0.0,0.0,4.787,27.2,1597269872953
0.0,0.0,4.797,27.2,1597269873372
0.0,0.0,4.808,27.2,1597269873377
0.0,0.0,4.808,27.2,1597269873380
0.0,0.0,4.818,27.2,1597269873385
0.0,0.0,4.818,27.2,1597269873389
0.0,0.0,4.828,27.2,1597269873396
0.0,0.0,4.828,27.2,1597269873400
0.0,0.0,4.839,27.2,1597269873405
0.0,0.0,4.839,27.2,1597269873460
0.0,0.0,4.839,27.2,1597269873529
0.0,0.0,4.839,27.2,1597269873600
0.0,0.0,4.839,27.2,1597269873679
0.0,0.0,4.849,27.2,1597269873741
0.0,0.0,4.849,27.2,1597269873811
0.0,0.0,4.849,27.2,1597269873884
0.0,0.0,4.86,27.2,1597269873964
35.16282653808594,139.61529541015625,4.86,27.2,1597269873969
0.0,0.0,4.86,27.2,1597269874218
0.0,0.0,4.86,27.2,1597269874282
0.0,0.0,4.87,27.2,1597269874290
0.0,0.0,4.87,27.2,1597269874295
0.0,0.0,4.87,27.2,1597269874300
0.0,0.0,4.88,27.2,1597269874370
0.0,0.0,4.88,27.2,1597269874440
0.0,0.0,4.88,27.2,1597269874513
0.0,0.0,4.88,27.2,1597269874580
0.0,0.0,4.88,27.2,1597269874660
0.0,0.0,4.891,27.2,1597269874721
0.0,0.0,4.891,27.2,1597269874790
0.0,0.0,4.901,27.2,1597269874860
0.0,0.0,4.922,27.2,1597269874931
0.0,0.0,4.932,27.2,1597269875042
0.0,0.0,4.932,27.2,1597269875070
0.0,0.0,4.943,27.2,1597269875142
0.0,0.0,4.943,27.2,1597269875210
0.0,0.0,4.943,27.2,1597269875280
0.0,0.0,4.953,27.2,1597269875354
35.162841796875,139.6152801513672,4.953,27.2,1597269875357
0.0,0.0,4.953,27.2,1597269875640
0.0,0.0,4.953,27.2,1597269875647
0.0,0.0,4.964,27.2,1597269875655
0.0,0.0,4.964,27.2,1597269875659
0.0,0.0,4.974,27.2,1597269875700
0.0,0.0,4.974,27.2,1597269875771
0.0,0.0,4.984,27.2,1597269875840
0.0,0.0,4.984,27.2,1597269875909
0.0,0.0,4.995,27.2,1597269875982
0.0,0.0,4.995,27.2,1597269876050
0.0,0.0,5.005,27.2,1597269876120
0.0,0.0,4.995,27.2,1597269876189
0.0,0.0,4.995,27.2,1597269876261
0.0,0.0,4.995,27.2,1597269876330
0.0,0.0,4.995,27.2,1597269876400
0.0,0.0,4.995,27.2,1597269876474
0.0,0.0,4.995,27.2,1597269876540
0.0,0.0,4.995,27.2,1597269876610
0.0,0.0,4.995,27.2,1597269876749
0.0,0.0,4.995,27.2,1597269876977
0.0,0.0,4.984,27.2,1597269876987
0.0,0.0,4.984,27.2,1597269876991
0.0,0.0,4.984,27.2,1597269877030
0.0,0.0,4.974,27.2,1597269877105
0.0,0.0,4.974,27.2,1597269877170
0.0,0.0,4.974,27.2,1597269877240
0.0,0.0,4.964,27.2,1597269877380
0.0,0.0,4.964,27.2,1597269877450
0.0,0.0,4.964,27.2,1597269877520
0.0,0.0,4.964,27.2,1597269877593
0.0,0.0,4.964,27.2,1597269877662
0.0,0.0,4.953,27.2,1597269877731
0.0,0.0,4.953,27.2,1597269877809
0.0,0.0,4.943,27.2,1597269877975
0.0,0.0,4.943,27.2,1597269878113
35.16286087036133,139.61526489257812,4.943,27.2,1597269878116
0.0,0.0,4.932,27.2,1597269878380
0.0,0.0,4.932,27.2,1597269878460
0.0,0.0,4.932,27.2,1597269878464
0.0,0.0,4.932,27.2,1597269878467
0.0,0.0,4.922,27.2,1597269878476
0.0,0.0,4.922,27.2,1597269878499
0.0,0.0,4.922,27.2,1597269878572
0.0,0.0,4.912,27.2,1597269879160
0.0,0.0,4.912,27.2,1597269879173
0.0,0.0,4.912,27.2,1597269879177
0.0,0.0,4.912,27.2,1597269879183
0.0,0.0,4.912,27.2,1597269879187
0.0,0.0,4.901,27.2,1597269879191
0.0,0.0,4.901,27.2,1597269879195
0.0,0.0,4.901,27.2,1597269879204
0.0,0.0,4.901,27.2,1597269879270
0.0,0.0,4.901,27.2,1597269879341
0.0,0.0,4.901,27.2,1597269879410
0.0,0.0,4.901,27.2,1597269879480
35.162872314453125,139.61524963378906,4.901,27.2,1597269879484
0.0,0.0,4.901,27.2,1597269879753
0.0,0.0,4.891,27.2,1597269879762
0.0,0.0,4.891,27.2,1597269879769
0.0,0.0,4.891,27.2,1597269879780
0.0,0.0,4.88,27.2,1597269879830
0.0,0.0,4.88,27.2,1597269879900
0.0,0.0,4.88,27.2,1597269879974
0.0,0.0,4.891,27.2,1597269880065
0.0,0.0,4.891,27.2,1597269880109
0.0,0.0,4.891,27.2,1597269880196
0.0,0.0,4.891,27.2,1597269880320
0.0,0.0,4.891,27.2,1597269880599
0.0,0.0,4.891,27.2,1597269880775
0.0,0.0,4.891,27.2,1597269881096
0.0,0.0,4.891,27.2,1597269881148
0.0,0.0,4.891,27.2,1597269881156
0.0,0.0,4.891,27.2,1597269881159
0.0,0.0,4.88,27.2,1597269881164
0.0,0.0,4.88,27.2,1597269881168
0.0,0.0,4.88,27.2,1597269881230
0.0,0.0,4.87,27.2,1597269881369
0.0,0.0,4.87,27.2,1597269881439
0.0,0.0,4.87,27.2,1597269881509
0.0,0.0,4.87,27.2,1597269881580
0.0,0.0,4.87,27.2,1597269881650
0.0,0.0,4.87,27.2,1597269881720
0.0,0.0,4.87,27.2,1597269881902
0.0,0.0,4.87,27.2,1597269881938
0.0,0.0,4.87,27.2,1597269882011
0.0,0.0,4.87,27.2,1597269882085
35.16288375854492,139.615234375,4.87,27.2,1597269882138
0.0,0.0,4.86,27.2,1597269882473
0.0,0.0,4.86,27.2,1597269882476
0.0,0.0,4.86,27.2,1597269882486
0.0,0.0,4.86,27.2,1597269882493
0.0,0.0,4.86,27.2,1597269882512
0.0,0.0,4.849,27.2,1597269882517
0.0,0.0,4.849,27.2,1597269882560
0.0,0.0,4.849,27.2,1597269882630
0.0,0.0,4.849,27.2,1597269882702
0.0,0.0,4.849,27.2,1597269882770
0.0,0.0,4.849,27.2,1597269882839
0.0,0.0,4.849,27.2,1597269882981
0.0,0.0,4.849,27.2,1597269883049
0.0,0.0,4.849,27.2,1597269883190
0.0,0.0,4.86,27.2,1597269883260
0.0,0.0,4.86,27.2,1597269883330
0.0,0.0,4.86,27.2,1597269883401
0.0,0.0,4.86,27.2,1597269883469
0.0,0.0,4.86,27.2,1597269883643
35.16289520263672,139.61521911621094,4.86,27.2,1597269883646
0.0,0.0,4.87,27.2,1597269883856
0.0,0.0,4.87,27.2,1597269884274
0.0,0.0,4.86,27.2,1597269884277
0.0,0.0,4.87,27.2,1597269884291
0.0,0.0,4.87,27.2,1597269884300
0.0,0.0,4.88,27.2,1597269884313
0.0,0.0,4.88,27.2,1597269884318
0.0,0.0,4.88,27.2,1597269884323
0.0,0.0,4.88,27.2,1597269884326
0.0,0.0,4.88,27.2,1597269884329
0.0,0.0,4.88,27.2,1597269884379
0.0,0.0,4.88,27.2,1597269884450
0.0,0.0,4.88,27.2,1597269884519
0.0,0.0,4.88,27.2,1597269884589
0.0,0.0,4.88,27.2,1597269884661
0.0,0.0,4.891,27.2,1597269884736
0.0,0.0,4.891,27.2,1597269884799
0.0,0.0,4.891,27.2,1597269884963
0.0,0.0,4.901,27.2,1597269885223
0.0,0.0,4.901,27.2,1597269885230
0.0,0.0,4.912,27.2,1597269885234
0.0,0.0,4.922,27.2,1597269885238
0.0,0.0,4.922,27.2,1597269885242
0.0,0.0,4.922,27.2,1597269885289
0.0,0.0,4.922,27.2,1597269885360
0.0,0.0,4.922,27.2,1597269885432
0.0,0.0,4.922,27.2,1597269885502
0.0,0.0,4.922,27.2,1597269885570
0.0,0.0,4.912,27.2,1597269885709
0.0,0.0,4.922,27.2,1597269885792
0.0,0.0,4.922,27.2,1597269885919
0.0,0.0,4.932,27.2,1597269885990
0.0,0.0,4.932,27.2,1597269886340
35.162906646728516,139.61520385742188,4.932,27.2,1597269886345
0.0,0.0,4.932,27.2,1597269886642
0.0,0.0,4.932,27.2,1597269886647
0.0,0.0,4.932,27.2,1597269886652
0.0,0.0,4.932,27.2,1597269886656
0.0,0.0,4.932,27.2,1597269886691
0.0,0.0,4.922,27.2,1597269886759
0.0,0.0,4.922,27.2,1597269886829
0.0,0.0,4.922,27.2,1597269886900
0.0,0.0,4.922,27.2,1597269886970
0.0,0.0,4.922,27.2,1597269887039
0.0,0.0,4.922,27.2,1597269887110
0.0,0.0,4.922,27.2,1597269887180
0.0,0.0,4.922,27.2,1597269887258
0.0,0.0,4.922,27.2,1597269887320
0.0,0.0,4.922,27.2,1597269887389
0.0,0.0,4.922,27.2,1597269887619
0.0,0.0,4.912,27.2,1597269887621
0.0,0.0,4.912,27.2,1597269887669
35.16291809082031,139.6151885986328,4.912,27.2,1597269887676
0.0,0.0,4.901,27.2,1597269887925
0.0,0.0,4.891,27.2,1597269887932
0.0,0.0,4.88,27.2,1597269887936
0.0,0.0,4.87,27.2,1597269887956
0.0,0.0,4.86,27.2,1597269888020
0.0,0.0,4.849,27.2,1597269888216
0.0,0.0,4.849,27.2,1597269888219
0.0,0.0,4.839,27.2,1597269888239
0.0,0.0,4.839,27.2,1597269888299
0.0,0.0,4.839,27.2,1597269888473
0.0,0.0,4.828,27.2,1597269888476
0.0,0.0,4.818,27.2,1597269888513
0.0,0.0,4.818,27.2,1597269889337
35.16292953491211,139.61517333984375,4.818,27.2,1597269889343
0.0,0.0,4.808,27.2,1597269889652
0.0,0.0,4.808,27.2,1597269889655
0.0,0.0,4.797,27.2,1597269889664
0.0,0.0,4.797,27.2,1597269889667
0.0,0.0,4.787,27.2,1597269889681
0.0,0.0,4.787,27.2,1597269889685
0.0,0.0,4.787,27.2,1597269889688
0.0,0.0,4.787,27.2,1597269889692
0.0,0.0,4.776,27.2,1597269889711
0.0,0.0,4.776,27.2,1597269889714
0.0,0.0,4.776,27.2,1597269889718
0.0,0.0,4.766,27.2,1597269889721
0.0,0.0,4.766,27.2,1597269889724
0.0,0.0,4.766,27.2,1597269889947
0.0,0.0,4.766,27.2,1597269889951
0.0,0.0,4.766,27.2,1597269889998
0.0,0.0,4.766,27.2,1597269890252
0.0,0.0,4.756,27.2,1597269890258
0.0,0.0,4.756,27.2,1597269890279
0.0,0.0,4.756,27.2,1597269890347
0.0,0.0,4.766,27.2,1597269890578
0.0,0.0,4.766,27.2,1597269890582
0.0,0.0,4.766,27.2,1597269890588
0.0,0.0,4.766,27.2,1597269890628
0.0,0.0,4.766,27.2,1597269890698
0.0,0.0,4.776,27.2,1597269891003
0.0,0.0,4.776,27.2,1597269891013
0.0,0.0,4.787,27.2,1597269891017
0.0,0.0,4.787,27.2,1597269891048
0.0,0.0,4.787,27.2,1597269891121
0.0,0.0,4.787,27.2,1597269891189
0.0,0.0,4.797,27.2,1597269891257
0.0,0.0,4.797,27.2,1597269891328
0.0,0.0,4.797,27.2,1597269891436
0.0,0.0,4.808,27.2,1597269891527
0.0,0.0,4.808,27.2,1597269891541
0.0,0.0,4.808,27.2,1597269891608
0.0,0.0,4.808,27.2,1597269891677
0.0,0.0,4.818,27.2,1597269891748
0.0,0.0,4.818,27.2,1597269891817
0.0,0.0,4.828,27.2,1597269891888
0.0,0.0,4.839,27.2,1597269891958
0.0,0.0,4.839,27.2,1597269892029
35.162940979003906,139.6151580810547,4.839,27.2,1597269892036
0.0,0.0,4.849,27.2,1597269892286
0.0,0.0,4.849,27.2,1597269892305
0.0,0.0,4.86,27.2,1597269892314
0.0,0.0,4.87,27.2,1597269892317
0.0,0.0,4.88,27.2,1597269892377
0.0,0.0,4.891,27.2,1597269892447
0.0,0.0,4.901,27.2,1597269892522
0.0,0.0,4.901,27.2,1597269892588
0.0,0.0,4.912,27.2,1597269892727
0.0,0.0,4.922,27.2,1597269892798
0.0,0.0,4.922,27.2,1597269892870
0.0,0.0,4.932,27.2,1597269892937
0.0,0.0,4.943,27.2,1597269893007
0.0,0.0,4.953,27.2,1597269893077
0.0,0.0,4.953,27.2,1597269893147
0.0,0.0,4.953,27.2,1597269893217
0.0,0.0,4.964,27.2,1597269893288
0.0,0.0,4.964,27.2,1597269893370
35.1629524230957,139.61514282226562,4.964,27.2,1597269893374
0.0,0.0,4.974,27.2,1597269893613
0.0,0.0,4.974,27.2,1597269893620
0.0,0.0,4.974,27.2,1597269893624
0.0,0.0,4.984,27.2,1597269893642
0.0,0.0,4.984,27.2,1597269894170
0.0,0.0,4.984,27.2,1597269894187
0.0,0.0,4.995,27.2,1597269894192
0.0,0.0,4.995,27.2,1597269894195
0.0,0.0,5.005,27.2,1597269894205
0.0,0.0,5.005,27.2,1597269894208
0.0,0.0,5.016,27.2,1597269894212
0.0,0.0,5.016,27.2,1597269894215
0.0,0.0,5.026,27.2,1597269894268
0.0,0.0,5.036,27.2,1597269894337
0.0,0.0,5.036,27.2,1597269894410
0.0,0.0,5.036,27.2,1597269894501
0.0,0.0,5.036,27.2,1597269894548
0.0,0.0,5.036,27.2,1597269894617
0.0,0.0,5.026,27.2,1597269894939
0.0,0.0,5.026,27.2,1597269894945
0.0,0.0,5.026,27.2,1597269894951
0.0,0.0,5.026,27.2,1597269894954
0.0,0.0,5.026,27.2,1597269894970
0.0,0.0,5.026,27.2,1597269895037
0.0,0.0,5.026,27.2,1597269895108
0.0,0.0,5.026,27.2,1597269895177
0.0,0.0,5.026,27.2,1597269895248
0.0,0.0,5.016,27.2,1597269895323
0.0,0.0,5.016,27.2,1597269895388
0.0,0.0,5.016,27.2,1597269895458
0.0,0.0,5.016,27.2,1597269895530
0.0,0.0,5.016,27.2,1597269895607
0.0,0.0,5.005,27.2,1597269895676
0.0,0.0,5.005,27.2,1597269895737
0.0,0.0,5.016,27.2,1597269895807
0.0,0.0,5.016,27.2,1597269895947
35.162967681884766,139.61512756347656,5.016,27.2,1597269895951
0.0,0.0,5.016,27.2,1597269896300
0.0,0.0,5.016,27.2,1597269896316
0.0,0.0,5.016,27.2,1597269896323
0.0,0.0,5.016,27.2,1597269896326
0.0,0.0,5.005,27.2,1597269896332
0.0,0.0,5.005,27.2,1597269896367
0.0,0.0,5.005,27.2,1597269896452
0.0,0.0,4.995,27.2,1597269896514
0.0,0.0,4.984,27.2,1597269896578
0.0,0.0,4.974,27.2,1597269896750
0.0,0.0,4.974,27.2,1597269896791
0.0,0.0,4.974,27.2,1597269896858
0.0,0.0,4.964,27.2,1597269896927
0.0,0.0,4.964,27.2,1597269896998
0.0,0.0,4.964,27.2,1597269897068
0.0,0.0,4.964,27.2,1597269897137
0.0,0.0,4.964,27.2,1597269897207
0.0,0.0,4.953,27.2,1597269897280
0.0,0.0,4.953,27.2,1597269897347
35.16297912597656,139.6151123046875,4.953,27.2,1597269897354
0.0,0.0,4.953,27.2,1597269897714
0.0,0.0,4.953,27.2,1597269897725
0.0,0.0,4.943,27.2,1597269897732
0.0,0.0,4.943,27.2,1597269897741
0.0,0.0,4.932,27.2,1597269897751
0.0,0.0,4.932,27.2,1597269897773
0.0,0.0,4.932,27.2,1597269897841
0.0,0.0,4.922,27.2,1597269897907
0.0,0.0,4.922,27.2,1597269897977
0.0,0.0,4.922,27.2,1597269898050
0.0,0.0,4.912,27.2,1597269898118
0.0,0.0,4.912,27.2,1597269898188
0.0,0.0,4.901,27.2,1597269898257
0.0,0.0,4.901,27.2,1597269898397
0.0,0.0,4.901,27.2,1597269898468
0.0,0.0,4.891,27.2,1597269898539
0.0,0.0,4.891,27.2,1597269898607
0.0,0.0,4.891,27.2,1597269899208
35.16299819946289,139.6151123046875,4.891,27.2,1597269899214
0.0,0.0,4.891,27.2,1597269899596
0.0,0.0,4.891,27.2,1597269899604
0.0,0.0,4.891,27.2,1597269899608
0.0,0.0,4.891,27.2,1597269899622
0.0,0.0,4.891,27.2,1597269899628
0.0,0.0,4.891,27.2,1597269899639
0.0,0.0,4.891,27.2,1597269899643
0.0,0.0,4.891,27.2,1597269899647
0.0,0.0,4.88,27.2,1597269899651
0.0,0.0,4.88,27.2,1597269899654
0.0,0.0,4.88,27.2,1597269899657
0.0,0.0,4.88,27.2,1597269899661
0.0,0.0,4.88,27.2,1597269899799
0.0,0.0,4.88,27.2,1597269899869
0.0,0.0,4.87,27.2,1597269899938
0.0,0.0,4.87,27.2,1597269900020
0.0,0.0,4.87,27.2,1597269900079
0.0,0.0,4.87,27.2,1597269900148
0.0,0.0,4.87,27.2,1597269900231
0.0,0.0,4.87,27.2,1597269900288
0.0,0.0,4.87,27.2,1597269900359
0.0,0.0,4.88,27.2,1597269900428
0.0,0.0,4.88,27.2,1597269900498
0.0,0.0,4.88,27.2,1597269900571
0.0,0.0,4.88,27.2,1597269900743
0.0,0.0,4.88,27.2,1597269900971
0.0,0.0,4.88,27.2,1597269900975
0.0,0.0,4.88,27.2,1597269900979
0.0,0.0,4.88,27.2,1597269900982
0.0,0.0,4.88,27.2,1597269900995
0.0,0.0,4.88,27.2,1597269901058
0.0,0.0,4.88,27.2,1597269901133
0.0,0.0,4.88,27.2,1597269901200
0.0,0.0,4.88,27.2,1597269901269
0.0,0.0,4.88,27.2,1597269901338
0.0,0.0,4.88,27.2,1597269901409
0.0,0.0,4.88,27.2,1597269901478
0.0,0.0,4.88,27.2,1597269901548
0.0,0.0,4.88,27.2,1597269901618
0.0,0.0,4.891,27.2,1597269901690
0.0,0.0,4.891,27.2,1597269901766
0.0,0.0,4.891,27.2,1597269901837
0.0,0.0,4.901,27.2,1597269901899
0.0,0.0,4.901,27.2,1597269901969
0.0,0.0,4.912,27.2,1597269902039
35.16301345825195,139.61509704589844,4.912,27.2,1597269902043
0.0,0.0,4.922,27.2,1597269902296
0.0,0.0,4.922,27.2,1597269902320
0.0,0.0,4.932,27.2,1597269902388
0.0,0.0,4.943,27.2,1597269902528
0.0,0.0,4.943,27.2,1597269902600
0.0,0.0,4.943,27.2,1597269902668
0.0,0.0,4.953,27.2,1597269902740
0.0,0.0,4.964,27.2,1597269902808
0.0,0.0,4.964,27.2,1597269902878
0.0,0.0,4.964,27.2,1597269902948
0.0,0.0,4.964,27.2,1597269903021
0.0,0.0,4.974,27.2,1597269903090
0.0,0.0,4.984,27.2,1597269903158
0.0,0.0,4.984,27.2,1597269903229
0.0,0.0,4.995,27.2,1597269903303
0.0,0.0,4.995,27.2,1597269903369
35.163028717041016,139.61508178710938,4.995,27.2,1597269903378
0.0,0.0,4.995,27.2,1597269903683
0.0,0.0,4.995,27.2,1597269903691
0.0,0.0,4.995,27.2,1597269903695
0.0,0.0,4.995,27.2,1597269903698
0.0,0.0,4.995,27.2,1597269904257
0.0,0.0,5.005,27.2,1597269904299
0.0,0.0,5.005,27.2,1597269904307
0.0,0.0,5.016,27.2,1597269904318
0.0,0.0,5.016,27.2,1597269904326
0.0,0.0,5.016,27.2,1597269904329
0.0,0.0,5.016,27.2,1597269904332
0.0,0.0,5.016,27.2,1597269904488
0.0,0.0,5.016,27.2,1597269904560
0.0,0.0,5.016,27.2,1597269904632
0.0,0.0,5.005,27.2,1597269904698
0.0,0.0,5.005,27.2,1597269904948
0.0,0.0,5.005,27.2,1597269904957
0.0,0.0,5.005,27.2,1597269904978
0.0,0.0,4.995,27.2,1597269905048
0.0,0.0,4.995,27.2,1597269905123
0.0,0.0,4.995,27.2,1597269905188
0.0,0.0,4.995,27.2,1597269905263
0.0,0.0,4.995,27.2,1597269905328
0.0,0.0,4.995,27.2,1597269905398
0.0,0.0,4.995,27.2,1597269905469
0.0,0.0,4.995,27.2,1597269905538
0.0,0.0,5.005,27.2,1597269905609
0.0,0.0,4.995,27.2,1597269905678
0.0,0.0,4.995,27.2,1597269905748
0.0,0.0,5.005,27.2,1597269905819
0.0,0.0,5.005,27.2,1597269905889
0.0,0.0,5.005,27.2,1597269905958
35.163047790527344,139.6150665283203,5.005,27.2,1597269905961
0.0,0.0,5.005,27.2,1597269906212
0.0,0.0,5.016,27.2,1597269906278
0.0,0.0,5.016,27.2,1597269906282
0.0,0.0,5.026,27.2,1597269906309
0.0,0.0,5.026,27.2,1597269906380
0.0,0.0,5.026,27.2,1597269906449
0.0,0.0,5.016,27.2,1597269906518
0.0,0.0,5.016,27.2,1597269906589
0.0,0.0,5.016,27.2,1597269906660
0.0,0.0,5.016,27.2,1597269906729
0.0,0.0,5.016,27.2,1597269906799
0.0,0.0,5.016,27.2,1597269906890
0.0,0.0,5.016,27.2,1597269906943
0.0,0.0,5.016,27.2,1597269907012
0.0,0.0,5.026,27.2,1597269907082
0.0,0.0,5.026,27.2,1597269907221
0.0,0.0,5.026,27.2,1597269907288
35.16306686401367,139.61505126953125,5.026,27.2,1597269907293
0.0,0.0,5.036,27.2,1597269907784
0.0,0.0,5.036,27.2,1597269907788
0.0,0.0,5.036,27.2,1597269907793
0.0,0.0,5.047,27.2,1597269907804
0.0,0.0,5.047,27.2,1597269907807
0.0,0.0,5.047,27.2,1597269907811
0.0,0.0,5.047,27.2,1597269907900
0.0,0.0,5.047,27.2,1597269907907
0.0,0.0,5.047,27.2,1597269907922
0.0,0.0,5.036,27.2,1597269907996
0.0,0.0,5.036,27.2,1597269908171
0.0,0.0,5.036,27.2,1597269908176
0.0,0.0,5.036,27.2,1597269908199
0.0,0.0,5.036,27.2,1597269908272
0.0,0.0,5.036,27.2,1597269908443
0.0,0.0,5.036,27.2,1597269908446
0.0,0.0,5.036,27.2,1597269908482
0.0,0.0,5.036,27.2,1597269908550
0.0,0.0,5.047,27.2,1597269908726
0.0,0.0,5.047,27.2,1597269908759
0.0,0.0,5.047,27.2,1597269909305
35.163082122802734,139.6150360107422,5.047,27.2,1597269909310
0.0,0.0,5.047,27.2,1597269909519
0.0,0.0,5.057,27.2,1597269909522
0.0,0.0,5.057,27.2,1597269909526
0.0,0.0,5.068,27.2,1597269909528
0.0,0.0,5.068,27.2,1597269909532
0.0,0.0,5.078,27.2,1597269909535
0.0,0.0,5.078,27.2,1597269909538
0.0,0.0,5.089,27.2,1597269909609
0.0,0.0,5.089,27.2,1597269909617
0.0,0.0,5.089,27.2,1597269909620
0.0,0.0,5.089,27.2,1597269909670
0.0,0.0,5.089,27.2,1597269909915
0.0,0.0,5.099,27.2,1597269909921
0.0,0.0,5.099,27.2,1597269909926
0.0,0.0,5.099,27.2,1597269909950
0.0,0.0,5.109,27.2,1597269910020
0.0,0.0,5.109,27.2,1597269910221
0.0,0.0,5.12,27.2,1597269910225
0.0,0.0,5.12,27.2,1597269910230
0.0,0.0,5.12,27.2,1597269910299
0.0,0.0,5.13,27.2,1597269910530
0.0,0.0,5.13,27.2,1597269910850
0.0,0.0,5.141,27.2,1597269910858
0.0,0.0,5.141,27.2,1597269910868
0.0,0.0,5.141,27.2,1597269910876
0.0,0.0,5.141,27.2,1597269910898
0.0,0.0,5.151,27.2,1597269910908
0.0,0.0,5.151,27.2,1597269910915
0.0,0.0,5.151,27.2,1597269910999
0.0,0.0,5.151,27.2,1597269911079
0.0,0.0,5.151,27.2,1597269911139
0.0,0.0,5.151,27.2,1597269911209
0.0,0.0,5.161,27.2,1597269911280
0.0,0.0,5.172,27.2,1597269911352
0.0,0.0,5.172,27.2,1597269911489
0.0,0.0,5.172,27.2,1597269911629
0.0,0.0,5.182,27.2,1597269911699
0.0,0.0,5.182,27.2,1597269911770
0.0,0.0,5.182,27.2,1597269911911
35.16310119628906,139.6150360107422,5.182,27.2,1597269911915
0.0,0.0,5.193,27.2,1597269912286
0.0,0.0,5.193,27.2,1597269912295
0.0,0.0,5.193,27.2,1597269912300
0.0,0.0,5.193,27.2,1597269912305
0.0,0.0,5.193,27.2,1597269912319
0.0,0.0,5.203,27.2,1597269912331
0.0,0.0,5.203,27.2,1597269912400
0.0,0.0,5.203,27.2,1597269912469
0.0,0.0,5.203,27.2,1597269912539
0.0,0.0,5.203,27.2,1597269912609
0.0,0.0,5.203,27.2,1597269912681
0.0,0.0,5.203,27.2,1597269912749
0.0,0.0,5.213,27.2,1597269912820
0.0,0.0,5.213,27.2,1597269912889
0.0,0.0,5.213,27.2,1597269912959
0.0,0.0,5.213,27.2,1597269913030
0.0,0.0,5.213,27.2,1597269913122
0.0,0.0,5.213,27.2,1597269913169
0.0,0.0,5.213,27.2,1597269913243
0.0,0.0,5.213,27.2,1597269913310
35.163116455078125,139.61502075195312,5.213,27.2,1597269913322
0.0,0.0,5.224,27.2,1597269913584
0.0,0.0,5.213,27.2,1597269913594
0.0,0.0,5.213,27.2,1597269913600
0.0,0.0,5.213,27.2,1597269913605
0.0,0.0,5.213,27.2,1597269913659
0.0,0.0,5.203,27.2,1597269913730
0.0,0.0,5.203,27.2,1597269913815
0.0,0.0,5.193,27.2,1597269913869
0.0,0.0,5.193,27.2,1597269913952
0.0,0.0,5.182,27.2,1597269914465
0.0,0.0,5.172,27.2,1597269914469
0.0,0.0,5.172,27.2,1597269914474
0.0,0.0,5.172,27.2,1597269914480
0.0,0.0,5.172,27.2,1597269914485
0.0,0.0,5.161,27.2,1597269914506
0.0,0.0,5.161,27.2,1597269914511
0.0,0.0,5.161,27.2,1597269914569
0.0,0.0,5.161,27.2,1597269914640
0.0,0.0,5.161,27.2,1597269915027
0.0,0.0,5.161,27.2,1597269915057
0.0,0.0,5.161,27.2,1597269915093
0.0,0.0,5.161,27.2,1597269915097
0.0,0.0,5.161,27.2,1597269915101
0.0,0.0,5.161,27.2,1597269915129
0.0,0.0,5.151,27.2,1597269915199
0.0,0.0,5.151,27.2,1597269915271
0.0,0.0,5.151,27.2,1597269915348
0.0,0.0,5.151,27.2,1597269915409
0.0,0.0,5.151,27.2,1597269915480
0.0,0.0,5.151,27.2,1597269915549
0.0,0.0,5.151,27.2,1597269915619
0.0,0.0,5.151,27.2,1597269915695
0.0,0.0,5.161,27.2,1597269915760
0.0,0.0,5.161,27.2,1597269915902
0.0,0.0,5.151,27.2,1597269915969
0.0,0.0,5.161,27.2,1597269916039
35.16313171386719,139.61500549316406,5.161,27.2,1597269916045
0.0,0.0,5.161,27.2,1597269916438
0.0,0.0,5.172,27.2,1597269916445
0.0,0.0,5.172,27.2,1597269916452
0.0,0.0,5.172,27.2,1597269916454
0.0,0.0,5.172,27.2,1597269916466
0.0,0.0,5.172,27.2,1597269916529
0.0,0.0,5.172,27.2,1597269916599
0.0,0.0,5.172,27.2,1597269916669
0.0,0.0,5.172,27.2,1597269916740
0.0,0.0,5.172,27.2,1597269916811
0.0,0.0,5.172,27.2,1597269916879
0.0,0.0,5.172,27.2,1597269916949
0.0,0.0,5.161,27.2,1597269917019
0.0,0.0,5.172,27.2,1597269917089
0.0,0.0,5.172,27.2,1597269917159
0.0,0.0,5.161,27.2,1597269917230
0.0,0.0,5.172,27.2,1597269917313
0.0,0.0,5.172,27.2,1597269917369
0.0,0.0,5.172,27.2,1597269917439
0.0,0.0,5.172,27.2,1597269917511
35.16314697265625,139.614990234375,5.172,27.2,1597269917515
0.0,0.0,5.182,27.2,1597269917747
0.0,0.0,5.182,27.2,1597269917751
0.0,0.0,5.172,27.2,1597269917755
0.0,0.0,5.182,27.2,1597269917796
0.0,0.0,5.182,27.2,1597269917859
0.0,0.0,5.182,27.2,1597269917999
0.0,0.0,5.193,27.2,1597269918072
0.0,0.0,5.193,27.2,1597269918210
0.0,0.0,5.203,27.2,1597269918213
0.0,0.0,5.203,27.2,1597269918279
0.0,0.0,5.213,27.2,1597269918368
0.0,0.0,5.213,27.2,1597269918423
0.0,0.0,5.213,27.2,1597269918492
0.0,0.0,5.213,27.2,1597269918663
0.0,0.0,5.213,27.2,1597269918667
0.0,0.0,5.213,27.2,1597269918712
0.0,0.0,5.213,27.2,1597269918770
0.0,0.0,5.224,27.2,1597269919063
0.0,0.0,5.224,27.2,1597269919083
0.0,0.0,5.234,27.2,1597269919486
0.0,0.0,5.245,27.2,1597269919491
0.0,0.0,5.245,27.2,1597269919495
0.0,0.0,5.245,27.2,1597269919505
0.0,0.0,5.245,27.2,1597269919510
0.0,0.0,5.255,27.2,1597269919517
0.0,0.0,5.255,27.2,1597269919524
0.0,0.0,5.265,27.2,1597269919529
0.0,0.0,5.265,27.2,1597269919553
0.0,0.0,5.255,27.2,1597269919610
0.0,0.0,5.255,27.2,1597269919680
0.0,0.0,5.255,27.2,1597269919749
0.0,0.0,5.245,27.2,1597269919819
0.0,0.0,5.245,27.2,1597269919993
0.0,0.0,5.245,27.2,1597269919996
0.0,0.0,5.245,27.2,1597269920029
0.0,0.0,5.234,27.2,1597269920099
35.16316223144531,139.61495971679688,5.234,27.2,1597269920104
0.0,0.0,5.234,27.2,1597269920377
0.0,0.0,5.234,27.2,1597269920398
0.0,0.0,5.224,27.2,1597269920404
0.0,0.0,5.224,27.2,1597269920410
0.0,0.0,5.224,27.2,1597269920449
0.0,0.0,5.224,27.2,1597269920519
0.0,0.0,5.224,27.2,1597269920589
0.0,0.0,5.213,27.2,1597269920659
0.0,0.0,5.224,27.2,1597269920734
0.0,0.0,5.224,27.2,1597269920799
0.0,0.0,5.224,27.2,1597269920869
0.0,0.0,5.224,27.2,1597269920939
0.0,0.0,5.224,27.2,1597269921149
0.0,0.0,5.224,27.2,1597269921220
0.0,0.0,5.234,27.2,1597269921289
0.0,0.0,5.224,27.2,1597269921359
0.0,0.0,5.213,27.2,1597269921429
35.16317367553711,139.6149444580078,5.213,27.2,1597269921433
0.0,0.0,5.213,27.2,1597269921776
0.0,0.0,5.224,27.2,1597269921783
0.0,0.0,5.224,27.2,1597269921787
0.0,0.0,5.224,27.2,1597269921790
0.0,0.0,5.224,27.2,1597269921793
0.0,0.0,5.213,27.2,1597269921849
0.0,0.0,5.213,27.2,1597269921920
0.0,0.0,5.213,27.2,1597269921989
0.0,0.0,5.213,27.2,1597269922060
0.0,0.0,5.213,27.2,1597269922138
0.0,0.0,5.213,27.2,1597269922199
0.0,0.0,5.213,27.2,1597269922269
0.0,0.0,5.213,27.2,1597269922339
0.0,0.0,5.213,27.2,1597269922412
0.0,0.0,5.213,27.2,1597269922479
0.0,0.0,5.213,27.2,1597269922551
0.0,0.0,5.224,27.2,1597269922619
0.0,0.0,5.234,27.2,1597269922689
0.0,0.0,5.234,27.2,1597269922829
0.0,0.0,5.224,27.2,1597269923106
0.0,0.0,5.224,27.2,1597269923113
0.0,0.0,5.224,27.2,1597269923140
0.0,0.0,5.224,27.2,1597269923148
0.0,0.0,5.213,27.2,1597269923179
0.0,0.0,5.203,27.2,1597269923270
0.0,0.0,5.203,27.2,1597269923319
0.0,0.0,5.203,27.2,1597269923389
0.0,0.0,5.193,27.2,1597269923459
0.0,0.0,5.193,27.2,1597269923529
0.0,0.0,5.193,27.2,1597269923610
0.0,0.0,5.193,27.2,1597269923677
0.0,0.0,5.193,27.2,1597269923739
0.0,0.0,5.193,27.2,1597269923809
0.0,0.0,5.193,27.2,1597269923884
0.0,0.0,5.203,27.2,1597269923949
0.0,0.0,5.203,27.2,1597269924089
0.0,0.0,5.193,27.2,1597269924182
35.163185119628906,139.61492919921875,5.193,27.2,1597269924185
0.0,0.0,5.193,27.2,1597269924553
0.0,0.0,5.193,27.2,1597269924558
0.0,0.0,5.193,27.2,1597269924561
0.0,0.0,5.203,27.2,1597269924574
0.0,0.0,5.193,27.2,1597269924585
0.0,0.0,5.203,27.2,1597269924612
0.0,0.0,5.203,27.2,1597269924649
0.0,0.0,5.203,27.2,1597269925218
0.0,0.0,5.203,27.2,1597269925223
0.0,0.0,5.203,27.2,1597269925229
0.0,0.0,5.203,27.2,1597269925232
0.0,0.0,5.193,27.2,1597269925236
0.0,0.0,5.182,27.2,1597269925238
0.0,0.0,5.182,27.2,1597269925242
0.0,0.0,5.172,27.2,1597269925245
0.0,0.0,5.172,27.2,1597269925279
0.0,0.0,5.182,27.2,1597269925350
0.0,0.0,5.182,27.2,1597269925427
0.0,0.0,5.182,27.2,1597269925496
0.0,0.0,5.182,27.2,1597269925559
35.16319274902344,139.61489868164062,5.182,27.2,1597269925569
0.0,0.0,5.182,27.2,1597269925944
0.0,0.0,5.193,27.2,1597269925960
0.0,0.0,5.193,27.2,1597269925980
0.0,0.0,5.193,27.2,1597269925983
0.0,0.0,5.182,27.2,1597269925987
0.0,0.0,5.193,27.2,1597269926049
0.0,0.0,5.193,27.2,1597269926244
0.0,0.0,5.193,27.2,1597269926248
0.0,0.0,5.182,27.2,1597269926267
0.0,0.0,5.172,27.2,1597269926329
0.0,0.0,5.172,27.2,1597269926404
0.0,0.0,5.172,27.2,1597269926469
0.0,0.0,5.172,27.2,1597269926540
0.0,0.0,5.172,27.2,1597269926614
0.0,0.0,5.172,27.2,1597269926679
0.0,0.0,5.161,27.2,1597269926751
0.0,0.0,5.161,27.2,1597269926822
0.0,0.0,5.151,27.2,1597269926890
0.0,0.0,5.151,27.2,1597269926959
0.0,0.0,5.141,27.2,1597269927278
0.0,0.0,5.141,27.2,1597269927283
0.0,0.0,5.141,27.2,1597269927288
0.0,0.0,5.141,27.2,1597269927292
0.0,0.0,5.141,27.2,1597269927310
0.0,0.0,5.151,27.2,1597269927379
0.0,0.0,5.151,27.2,1597269927469
0.0,0.0,5.161,27.2,1597269927530
0.0,0.0,5.172,27.2,1597269927589
0.0,0.0,5.172,27.2,1597269927659
0.0,0.0,5.172,27.2,1597269927729
0.0,0.0,5.182,27.2,1597269927801
0.0,0.0,5.172,27.2,1597269927871
0.0,0.0,5.182,27.2,1597269927941
0.0,0.0,5.182,27.2,1597269928019
0.0,0.0,5.182,27.2,1597269928083
0.0,0.0,5.182,27.2,1597269928157
0.0,0.0,5.182,27.2,1597269928219
0.0,0.0,5.182,27.2,1597269928289
35.16320037841797,139.61488342285156,5.182,27.2,1597269928293
0.0,0.0,5.182,27.2,1597269928653
0.0,0.0,5.182,27.2,1597269928663
0.0,0.0,5.182,27.2,1597269928670
0.0,0.0,5.182,27.2,1597269928677
0.0,0.0,5.182,27.2,1597269928743
0.0,0.0,5.182,27.2,1597269928749
0.0,0.0,5.182,27.2,1597269928782
0.0,0.0,5.182,27.2,1597269928854
0.0,0.0,5.193,27.2,1597269929026
0.0,0.0,5.193,27.2,1597269929030
0.0,0.0,5.203,27.2,1597269929065
0.0,0.0,5.203,27.2,1597269929129
0.0,0.0,5.213,27.2,1597269929307
0.0,0.0,5.213,27.2,1597269929311
0.0,0.0,5.213,27.2,1597269929339
0.0,0.0,5.213,27.2,1597269929409
0.0,0.0,5.213,27.2,1597269929596
0.0,0.0,5.203,27.2,1597269929598
0.0,0.0,5.193,27.2,1597269929619
35.1632080078125,139.61485290527344,5.182,27.2,1597269930141
0.0,0.0,5.182,27.2,1597269930564
0.0,0.0,5.182,27.2,1597269930607
0.0,0.0,5.172,27.2,1597269930612
0.0,0.0,5.161,27.2,1597269930620
0.0,0.0,5.161,27.2,1597269930627
0.0,0.0,5.151,27.2,1597269930630
0.0,0.0,5.141,27.2,1597269930634
0.0,0.0,5.141,27.2,1597269930637
0.0,0.0,5.141,27.2,1597269930640
0.0,0.0,5.141,27.2,1597269930644
0.0,0.0,5.13,27.2,1597269930647
0.0,0.0,5.13,27.2,1597269930764
0.0,0.0,5.13,27.2,1597269930768
0.0,0.0,5.13,27.2,1597269930771
0.0,0.0,5.12,27.2,1597269930809
0.0,0.0,5.12,27.2,1597269930879
0.0,0.0,5.109,27.2,1597269931070
0.0,0.0,5.109,27.2,1597269931075
0.0,0.0,5.109,27.2,1597269931092
0.0,0.0,5.099,27.2,1597269931159
0.0,0.0,5.089,27.2,1597269931373
0.0,0.0,5.089,27.2,1597269931379
0.0,0.0,5.078,27.2,1597269931389
0.0,0.0,5.078,27.2,1597269931445
0.0,0.0,5.068,27.2,1597269931677
35.16321563720703,139.61483764648438,5.068,27.2,1597269931685
0.0,0.0,5.068,27.2,1597269932054
0.0,0.0,5.057,27.2,1597269932058
0.0,0.0,5.057,27.2,1597269932062
0.0,0.0,5.057,27.2,1597269932066
0.0,0.0,5.047,27.2,1597269932075
0.0,0.0,5.047,27.2,1597269932079
0.0,0.0,5.047,27.2,1597269932178
0.0,0.0,5.047,27.2,1597269932209
0.0,0.0,5.047,27.2,1597269932281
0.0,0.0,5.047,27.2,1597269932349
0.0,0.0,5.047,27.2,1597269932419
0.0,0.0,5.047,27.2,1597269932489
0.0,0.0,5.047,27.2,1597269932559
0.0,0.0,5.047,27.2,1597269932629
0.0,0.0,5.036,27.2,1597269932700
0.0,0.0,5.047,27.2,1597269932772
0.0,0.0,5.047,27.2,1597269932839
0.0,0.0,5.036,27.2,1597269932909
0.0,0.0,5.036,27.2,1597269932980
0.0,0.0,5.026,27.2,1597269933049
0.0,0.0,5.026,27.2,1597269933119
35.16322326660156,139.61480712890625,5.026,27.2,1597269933123
0.0,0.0,5.016,27.2,1597269933371
0.0,0.0,5.016,27.2,1597269933379
0.0,0.0,5.016,27.2,1597269933384
0.0,0.0,5.016,27.2,1597269933399
0.0,0.0,5.016,27.2,1597269933480
0.0,0.0,5.016,27.2,1597269933539
0.0,0.0,5.026,27.2,1597269933612
0.0,0.0,5.026,27.2,1597269933680
0.0,0.0,5.026,27.2,1597269933749
0.0,0.0,5.036,27.2,1597269933819
0.0,0.0,5.036,27.2,1597269933889
0.0,0.0,5.047,27.2,1597269933959
0.0,0.0,5.047,27.2,1597269934029
0.0,0.0,5.047,27.2,1597269934101
0.0,0.0,5.057,27.2,1597269934175
0.0,0.0,5.068,27.2,1597269934239
0.0,0.0,5.068,27.2,1597269934309
0.0,0.0,5.068,27.2,1597269934388
0.0,0.0,5.078,27.2,1597269934665
0.0,0.0,5.078,27.2,1597269934671
0.0,0.0,5.078,27.2,1597269934682
0.0,0.0,5.078,27.2,1597269934692
0.0,0.0,5.089,27.2,1597269935253
0.0,0.0,5.089,27.2,1597269935260
0.0,0.0,5.089,27.2,1597269935268
0.0,0.0,5.089,27.2,1597269935274
0.0,0.0,5.089,27.2,1597269935277
0.0,0.0,5.089,27.2,1597269935281
0.0,0.0,5.089,27.2,1597269935285
0.0,0.0,5.089,27.2,1597269935318
0.0,0.0,5.099,27.2,1597269935323
0.0,0.0,5.099,27.2,1597269935359
0.0,0.0,5.109,27.2,1597269935429
0.0,0.0,5.109,27.2,1597269935499
0.0,0.0,5.109,27.2,1597269935639
0.0,0.0,5.109,27.2,1597269935778
35.16323471069336,139.6147918701172,5.109,27.2,1597269935782
0.0,0.0,5.109,27.2,1597269936014
0.0,0.0,5.109,27.2,1597269936024
0.0,0.0,5.099,27.2,1597269936028
0.0,0.0,5.099,27.2,1597269936059
0.0,0.0,5.099,27.2,1597269936134
0.0,0.0,5.099,27.2,1597269936199
0.0,0.0,5.099,27.2,1597269936269
0.0,0.0,5.089,27.2,1597269936340
0.0,0.0,5.089,27.2,1597269936415
0.0,0.0,5.089,27.2,1597269936479
0.0,0.0,5.089,27.2,1597269936549
0.0,0.0,5.089,27.2,1597269936619
0.0,0.0,5.089,27.2,1597269936693
0.0,0.0,5.078,27.2,1597269936829
0.0,0.0,5.078,27.2,1597269936898
0.0,0.0,5.078,27.2,1597269936969
0.0,0.0,5.078,27.2,1597269937039
0.0,0.0,5.078,27.2,1597269937303
0.0,0.0,5.068,27.2,1597269937308
0.0,0.0,5.078,27.2,1597269937319
0.0,0.0,5.078,27.2,1597269937389
0.0,0.0,5.078,27.2,1597269937461
0.0,0.0,5.078,27.2,1597269937529
0.0,0.0,5.078,27.2,1597269937614
0.0,0.0,5.089,27.2,1597269937669
0.0,0.0,5.089,27.2,1597269937739
0.0,0.0,5.089,27.2,1597269937811
0.0,0.0,5.078,27.2,1597269937879
0.0,0.0,5.078,27.2,1597269937949
0.0,0.0,5.078,27.2,1597269938019
0.0,0.0,5.078,27.2,1597269938221
0.0,0.0,5.078,27.2,1597269938225
0.0,0.0,5.078,27.2,1597269938230
0.0,0.0,5.078,27.2,1597269938299
0.0,0.0,5.078,27.2,1597269938369
35.163238525390625,139.61477661132812,5.078,27.2,1597269938376
0.0,0.0,5.089,27.2,1597269938659
0.0,0.0,5.089,27.2,1597269938674
0.0,0.0,5.078,27.2,1597269938729
0.0,0.0,5.078,27.2,1597269938734
0.0,0.0,5.078,27.2,1597269938740
0.0,0.0,5.078,27.2,1597269938789
0.0,0.0,5.078,27.2,1597269938859
0.0,0.0,5.078,27.2,1597269938929
0.0,0.0,5.078,27.2,1597269939001
0.0,0.0,5.078,27.2,1597269939069
0.0,0.0,5.089,27.2,1597269939140
0.0,0.0,5.089,27.2,1597269939209
0.0,0.0,5.089,27.2,1597269939279
0.0,0.0,5.089,27.2,1597269939349
0.0,0.0,5.089,27.2,1597269939421
0.0,0.0,5.089,27.2,1597269939490
0.0,0.0,5.078,27.2,1597269939559
0.0,0.0,5.078,27.2,1597269939629
35.16324996948242,139.61474609375,5.078,27.2,1597269940253
0.0,0.0,5.078,27.2,1597269940551
0.0,0.0,5.078,27.2,1597269940554
0.0,0.0,5.078,27.2,1597269940558
0.0,0.0,5.078,27.2,1597269940563
0.0,0.0,5.068,27.2,1597269940567
0.0,0.0,5.078,27.2,1597269940571
0.0,0.0,5.078,27.2,1597269940577
0.0,0.0,5.089,27.2,1597269940585
0.0,0.0,5.089,27.2,1597269940592
0.0,0.0,5.089,27.2,1597269940596
0.0,0.0,5.099,27.2,1597269940601
0.0,0.0,5.109,27.2,1597269940605
0.0,0.0,5.109,27.2,1597269940618
0.0,0.0,5.12,27.2,1597269940782
0.0,0.0,5.12,27.2,1597269940819
0.0,0.0,5.12,27.2,1597269940890
0.0,0.0,5.13,27.2,1597269940959
0.0,0.0,5.13,27.2,1597269941028
0.0,0.0,5.13,27.2,1597269941100
0.0,0.0,5.13,27.2,1597269941175
0.0,0.0,5.13,27.2,1597269941244
0.0,0.0,5.13,27.2,1597269941309
0.0,0.0,5.13,27.2,1597269941379
0.0,0.0,5.141,27.2,1597269941464
0.0,0.0,5.13,27.2,1597269941588
35.16326141357422,139.61473083496094,5.13,27.2,1597269941592
0.0,0.0,5.13,27.2,1597269941847
0.0,0.0,5.13,27.2,1597269941850
0.0,0.0,5.12,27.2,1597269941871
0.0,0.0,5.12,27.2,1597269941939
0.0,0.0,5.12,27.2,1597269942009
0.0,0.0,5.109,27.2,1597269942080
0.0,0.0,5.109,27.2,1597269942226
0.0,0.0,5.109,27.2,1597269942230
0.0,0.0,5.109,27.2,1597269942290
0.0,0.0,5.109,27.2,1597269942360
0.0,0.0,5.109,27.2,1597269942431
0.0,0.0,5.109,27.2,1597269942499
0.0,0.0,5.109,27.2,1597269942571
0.0,0.0,5.109,27.2,1597269942645
0.0,0.0,5.099,27.2,1597269942710
0.0,0.0,5.109,27.2,1597269942780
0.0,0.0,5.099,27.2,1597269942849
0.0,0.0,5.089,27.2,1597269943142
0.0,0.0,5.089,27.2,1597269943146
0.0,0.0,5.078,27.2,1597269943160
0.0,0.0,5.068,27.2,1597269943163
0.0,0.0,5.078,27.2,1597269943199
0.0,0.0,5.078,27.2,1597269943339
0.0,0.0,5.078,27.2,1597269943410
0.0,0.0,5.078,27.2,1597269943479
0.0,0.0,5.089,27.2,1597269943567
0.0,0.0,5.089,27.2,1597269943619
0.0,0.0,5.099,27.2,1597269943688
0.0,0.0,5.099,27.2,1597269943758
0.0,0.0,5.099,27.2,1597269943831
0.0,0.0,5.099,27.2,1597269943899
0.0,0.0,5.099,27.2,1597269943976
0.0,0.0,5.099,27.2,1597269944061
0.0,0.0,5.099,27.2,1597269944108
0.0,0.0,5.109,27.2,1597269944179
35.16326904296875,139.6147003173828,5.109,27.2,1597269944182
0.0,0.0,5.109,27.2,1597269944459
0.0,0.0,5.109,27.2,1597269944466
0.0,0.0,5.12,27.2,1597269944471
0.0,0.0,5.12,27.2,1597269944475
0.0,0.0,5.12,27.2,1597269944536
0.0,0.0,5.12,27.2,1597269945172
0.0,0.0,5.12,27.2,1597269945176
0.0,0.0,5.12,27.2,1597269945183
0.0,0.0,5.12,27.2,1597269945187
0.0,0.0,5.12,27.2,1597269945193
0.0,0.0,5.12,27.2,1597269945197
0.0,0.0,5.12,27.2,1597269945208
0.0,0.0,5.109,27.2,1597269945225
0.0,0.0,5.109,27.2,1597269945231
0.0,0.0,5.109,27.2,1597269945300
0.0,0.0,5.109,27.2,1597269945369
0.0,0.0,5.109,27.2,1597269945438
0.0,0.0,5.109,27.2,1597269945509
35.16328048706055,139.61468505859375,5.109,27.2,1597269945512
0.0,0.0,5.109,27.2,1597269945774
0.0,0.0,5.099,27.2,1597269945782
0.0,0.0,5.099,27.2,1597269945787
0.0,0.0,5.089,27.2,1597269945793
0.0,0.0,5.078,27.2,1597269945859
0.0,0.0,5.078,27.2,1597269945928
0.0,0.0,5.068,27.2,1597269946003
0.0,0.0,5.068,27.2,1597269946075
0.0,0.0,5.057,27.2,1597269946190
0.0,0.0,5.057,27.2,1597269946209
0.0,0.0,5.057,27.2,1597269946279
0.0,0.0,5.057,27.2,1597269946349
0.0,0.0,5.057,27.2,1597269946419
0.0,0.0,5.047,27.2,1597269946489
0.0,0.0,5.047,27.2,1597269946559
0.0,0.0,5.036,27.2,1597269946629
0.0,0.0,5.036,27.2,1597269946704
0.0,0.0,5.036,27.2,1597269946769
0.0,0.0,5.036,27.2,1597269946839
0.0,0.0,5.036,27.2,1597269947161
0.0,0.0,5.036,27.2,1597269947164
0.0,0.0,5.047,27.2,1597269947168
0.0,0.0,5.036,27.2,1597269947174
0.0,0.0,5.036,27.2,1597269947191
0.0,0.0,5.047,27.2,1597269947259
0.0,0.0,5.036,27.2,1597269947332
0.0,0.0,5.036,27.2,1597269947399
0.0,0.0,5.036,27.2,1597269947475
0.0,0.0,5.036,27.2,1597269947555
0.0,0.0,5.036,27.2,1597269947609
0.0,0.0,5.036,27.2,1597269947680
0.0,0.0,5.026,27.2,1597269947749
0.0,0.0,5.026,27.2,1597269947820
0.0,0.0,5.026,27.2,1597269947899
0.0,0.0,5.026,27.2,1597269947960
0.0,0.0,5.026,27.2,1597269948028
0.0,0.0,5.036,27.2,1597269948108
0.0,0.0,5.026,27.2,1597269948172
35.16328811645508,139.61465454101562,5.026,27.2,1597269948177
0.0,0.0,5.026,27.2,1597269948449
0.0,0.0,5.036,27.2,1597269948452
0.0,0.0,5.026,27.2,1597269948458
0.0,0.0,5.026,27.2,1597269948462
0.0,0.0,5.026,27.2,1597269948518
0.0,0.0,5.016,27.2,1597269948752
0.0,0.0,5.016,27.2,1597269948757
0.0,0.0,5.016,27.2,1597269948762
0.0,0.0,5.016,27.2,1597269948805
0.0,0.0,5.016,27.2,1597269949033
0.0,0.0,5.016,27.2,1597269949036
0.0,0.0,5.016,27.2,1597269949083
0.0,0.0,5.016,27.2,1597269949149
0.0,0.0,5.016,27.2,1597269949324
0.0,0.0,5.026,27.2,1597269949327
0.0,0.0,5.026,27.2,1597269949361
0.0,0.0,5.026,27.2,1597269949431
0.0,0.0,5.026,27.2,1597269949595
35.16329574584961,139.61463928222656,5.026,27.2,1597269949597
0.0,0.0,5.026,27.2,1597269949808
0.0,0.0,5.026,27.2,1597269950188
0.0,0.0,5.016,27.2,1597269950192
0.0,0.0,5.016,27.2,1597269950200
0.0,0.0,5.016,27.2,1597269950209
0.0,0.0,5.026,27.2,1597269950218
0.0,0.0,5.026,27.2,1597269950227
0.0,0.0,5.036,27.2,1597269950242
0.0,0.0,5.036,27.2,1597269950269
0.0,0.0,5.036,27.2,1597269950456
0.0,0.0,5.036,27.2,1597269950460
0.0,0.0,5.026,27.2,1597269950479
0.0,0.0,5.026,27.2,1597269950549
0.0,0.0,5.026,27.2,1597269950760
0.0,0.0,5.026,27.2,1597269950767
0.0,0.0,5.016,27.2,1597269950773
0.0,0.0,5.016,27.2,1597269950829
0.0,0.0,5.016,27.2,1597269951265
0.0,0.0,5.005,27.2,1597269951276
0.0,0.0,5.005,27.2,1597269951288
0.0,0.0,5.005,27.2,1597269951300
0.0,0.0,5.005,27.2,1597269951305
0.0,0.0,5.005,27.2,1597269951374
0.0,0.0,5.005,27.2,1597269951390
0.0,0.0,5.005,27.2,1597269951403
0.0,0.0,5.016,27.2,1597269951459
0.0,0.0,5.016,27.2,1597269951674
0.0,0.0,5.005,27.2,1597269951679
0.0,0.0,4.995,27.2,1597269951684
0.0,0.0,4.995,27.2,1597269951739
0.0,0.0,4.984,27.2,1597269951808
0.0,0.0,4.984,27.2,1597269951879
0.0,0.0,4.984,27.2,1597269951958
0.0,0.0,4.984,27.2,1597269952019
0.0,0.0,4.974,27.2,1597269952088
0.0,0.0,4.974,27.2,1597269952159
0.0,0.0,4.984,27.2,1597269952299
35.16330337524414,139.61460876464844,4.984,27.2,1597269952303
0.0,0.0,4.984,27.2,1597269952685
0.0,0.0,4.984,27.2,1597269952693
0.0,0.0,4.974,27.2,1597269952697
0.0,0.0,4.974,27.2,1597269952700
0.0,0.0,4.974,27.2,1597269952729
0.0,0.0,4.974,27.2,1597269952735
0.0,0.0,4.974,27.2,1597269952865
0.0,0.0,4.974,27.2,1597269952868
