0.0,0.0,3.486,20.6,1621031369729
0.0,0.0,3.475,20.6,1621031369764
0.0,0.0,3.475,20.6,1621031369773
0.0,0.0,3.475,20.6,1621031369827
0.0,0.0,3.475,20.6,1621031369897
0.0,0.0,3.475,20.6,1621031369967
0.0,0.0,3.475,20.6,1621031370038
0.0,0.0,3.475,20.6,1621031370108
0.0,0.0,3.475,20.6,1621031370177
0.0,0.0,3.475,20.6,1621031370247
0.0,0.0,3.475,20.6,1621031370316
0.0,0.0,3.475,20.6,1621031370387
0.0,0.0,3.475,20.6,1621031370529
0.0,0.0,3.475,20.6,1621031370596
0.0,0.0,3.475,20.6,1621031370667
0.0,0.0,3.475,20.6,1621031370739
0.0,0.0,3.486,20.6,1621031370808
0.0,0.0,3.486,20.6,1621031370884
35.162071228027344,139.6154327392578,3.486,20.6,1621031370884
0.0,0.0,3.486,20.6,1621031370964
0.0,0.0,3.486,20.6,1621031371017
0.0,0.0,3.486,20.6,1621031371157
0.0,0.0,3.486,20.6,1621031371227
0.0,0.0,3.486,20.6,1621031371297
0.0,0.0,3.486,20.6,1621031371369
0.0,0.0,3.486,20.6,1621031371440
0.0,0.0,3.486,20.6,1621031371513
0.0,0.0,3.486,20.6,1621031371718
0.0,0.0,3.486,20.6,1621031371730
0.0,0.0,3.496,20.6,1621031371734
0.0,0.0,3.496,20.6,1621031371789
0.0,0.0,3.496,20.6,1621031371999
0.0,0.0,3.496,20.6,1621031372009
0.0,0.0,3.496,20.6,1621031372018
0.0,0.0,3.496,20.6,1621031372067
0.0,0.0,3.507,20.6,1621031372296
0.0,0.0,3.507,20.6,1621031372300
0.0,0.0,3.507,20.6,1621031372304
0.0,0.0,3.517,20.6,1621031372347
0.0,0.0,3.517,20.6,1621031372596
0.0,0.0,3.517,20.6,1621031372601
0.0,0.0,3.527,20.6,1621031372604
0.0,0.0,3.527,20.6,1621031372628
0.0,0.0,3.527,20.6,1621031372698
0.0,0.0,3.538,20.6,1621031372896
0.0,0.0,3.538,20.6,1621031372911
35.162086486816406,139.6154327392578,3.538,20.6,1621031372911
0.0,0.0,3.538,20.6,1621031372978
0.0,0.0,3.548,20.6,1621031373186
0.0,0.0,3.548,20.6,1621031373202
0.0,0.0,3.548,20.4,1621031373240
0.0,0.0,3.548,20.4,1621031373258
0.0,0.0,3.559,20.4,1621031373490
0.0,0.0,3.559,20.4,1621031373493
0.0,0.0,3.569,20.4,1621031373506
0.0,0.0,3.569,20.4,1621031373539
0.0,0.0,3.569,20.4,1621031374124
0.0,0.0,3.58,20.4,1621031374134
0.0,0.0,3.58,20.4,1621031374143
0.0,0.0,3.58,20.4,1621031374156
0.0,0.0,3.59,20.4,1621031374162
0.0,0.0,3.59,20.4,1621031374175
0.0,0.0,3.59,20.4,1621031374180
0.0,0.0,3.6,20.4,1621031374185
0.0,0.0,3.6,20.4,1621031374192
0.0,0.0,3.6,20.4,1621031374406
0.0,0.0,3.611,20.4,1621031374410
0.0,0.0,3.611,20.4,1621031374415
0.0,0.0,3.611,20.4,1621031374522
0.0,0.0,3.621,20.4,1621031374801
0.0,0.0,3.621,20.4,1621031374867
35.162105560302734,139.6154327392578,3.621,20.4,1621031374867
0.0,0.0,3.632,20.4,1621031374937
0.0,0.0,3.632,20.4,1621031375007
0.0,0.0,3.632,20.4,1621031375077
0.0,0.0,3.632,20.4,1621031375147
0.0,0.0,3.632,20.4,1621031375217
0.0,0.0,3.642,20.4,1621031375293
0.0,0.0,3.642,20.4,1621031375358
0.0,0.0,3.652,20.4,1621031375428
0.0,0.0,3.652,20.4,1621031375497
0.0,0.0,3.652,20.4,1621031375570
0.0,0.0,3.652,20.4,1621031375637
0.0,0.0,3.652,20.4,1621031375707
0.0,0.0,3.663,20.4,1621031375778
0.0,0.0,3.663,20.4,1621031375847
0.0,0.0,3.663,20.4,1621031375917
0.0,0.0,3.663,20.2,1621031376058
0.0,0.0,3.663,20.2,1621031376128
0.0,0.0,3.673,20.2,1621031376207
0.0,0.0,3.673,20.2,1621031376276
0.0,0.0,3.673,20.2,1621031376338
0.0,0.0,3.684,20.2,1621031376409
0.0,0.0,3.684,20.2,1621031376477
0.0,0.0,3.684,20.2,1621031376548
0.0,0.0,3.684,20.2,1621031376732
0.0,0.0,3.694,20.2,1621031376736
0.0,0.0,3.694,20.2,1621031376757
0.0,0.0,3.694,20.2,1621031376828
35.16212844848633,139.6154327392578,3.694,20.2,1621031376828
0.0,0.0,3.704,20.2,1621031377023
0.0,0.0,3.715,20.2,1621031377033
0.0,0.0,3.715,20.2,1621031377044
0.0,0.0,3.715,20.2,1621031377107
0.0,0.0,3.715,20.2,1621031377316
0.0,0.0,3.715,20.2,1621031377326
0.0,0.0,3.715,20.2,1621031377330
0.0,0.0,3.715,20.2,1621031377388
0.0,0.0,3.725,20.2,1621031377618
0.0,0.0,3.725,20.2,1621031377629
0.0,0.0,3.725,20.2,1621031377932
0.0,0.0,3.725,20.2,1621031377936
0.0,0.0,3.725,20.2,1621031377949
0.0,0.0,3.725,20.2,1621031378018
0.0,0.0,3.736,20.2,1621031378218
0.0,0.0,3.736,20.2,1621031378223
0.0,0.0,3.746,20.2,1621031378233
0.0,0.0,3.746,20.2,1621031378300
0.0,0.0,3.756,20.2,1621031378523
0.0,0.0,3.756,20.2,1621031378528
0.0,0.0,3.756,20.2,1621031378582
35.16215515136719,139.61541748046875,3.756,20.2,1621031378582
0.0,0.0,3.767,20.2,1621031379135
0.0,0.0,3.767,20.2,1621031379140
0.0,0.0,3.767,20.2,1621031379152
0.0,0.0,3.777,20.2,1621031379160
0.0,0.0,3.777,20.2,1621031379168
0.0,0.0,3.777,20.2,1621031379173
0.0,0.0,3.788,20.2,1621031379177
0.0,0.0,3.788,20.2,1621031379183
0.0,0.0,3.788,20.2,1621031379214
0.0,0.0,3.788,20.2,1621031379435
0.0,0.0,3.788,20.2,1621031379439
0.0,0.0,3.788,20.2,1621031379444
0.0,0.0,3.798,20.2,1621031379488
0.0,0.0,3.798,20.2,1621031379744
0.0,0.0,3.798,20.2,1621031379747
0.0,0.0,3.798,20.2,1621031379763
0.0,0.0,3.808,20.2,1621031379777
0.0,0.0,3.808,20.2,1621031379908
0.0,0.0,3.808,20.2,1621031379977
0.0,0.0,3.819,20.2,1621031380047
0.0,0.0,3.819,20.2,1621031380119
0.0,0.0,3.819,20.2,1621031380188
0.0,0.0,3.819,20.2,1621031380257
0.0,0.0,3.819,20.2,1621031380396
0.0,0.0,3.829,20.2,1621031380469
0.0,0.0,3.829,20.2,1621031380539
0.0,0.0,3.829,20.2,1621031380678
0.0,0.0,3.829,20.2,1621031380747
0.0,0.0,3.829,20.2,1621031380817
35.16217803955078,139.61541748046875,3.829,20.2,1621031380817
0.0,0.0,3.819,20.2,1621031380902
0.0,0.0,3.819,20.2,1621031380957
0.0,0.0,3.819,20.2,1621031381026
0.0,0.0,3.819,20.2,1621031381097
0.0,0.0,3.819,20.2,1621031381167
0.0,0.0,3.819,20.2,1621031381307
0.0,0.0,3.819,20.2,1621031381382
0.0,0.0,3.829,20.2,1621031381447
0.0,0.0,3.819,20.2,1621031381517
0.0,0.0,3.819,20.2,1621031381728
0.0,0.0,3.819,20.2,1621031381739
0.0,0.0,3.819,20.2,1621031381745
0.0,0.0,3.819,20.2,1621031381800
0.0,0.0,3.829,20.2,1621031382031
0.0,0.0,3.829,20.2,1621031382054
0.0,0.0,3.829,20.2,1621031382077
0.0,0.0,3.829,20.2,1621031382085
0.0,0.0,3.829,20.2,1621031382324
0.0,0.0,3.84,20.2,1621031382329
0.0,0.0,3.84,20.2,1621031382363
0.0,0.0,3.84,20.2,1621031382428
0.0,0.0,3.84,20.2,1621031382622
0.0,0.0,3.84,20.2,1621031382626
0.0,0.0,3.84,20.2,1621031382638
35.162200927734375,139.6154022216797,3.84,20.2,1621031382638
0.0,0.0,3.84,20.2,1621031382959
0.0,0.0,3.84,20.2,1621031382974
0.0,0.0,3.84,20.2,1621031382979
0.0,0.0,3.84,20.2,1621031382990
0.0,0.0,3.829,20.2,1621031383230
0.0,0.0,3.829,20.2,1621031383242
0.0,0.0,3.829,20.2,1621031383249
0.0,0.0,3.829,20.2,1621031383269
0.0,0.0,3.84,20.2,1621031383338
0.0,0.0,3.84,20.2,1621031383531
0.0,0.0,3.84,20.2,1621031383552
0.0,0.0,3.84,20.2,1621031383839
0.0,0.0,3.85,20.2,1621031383843
0.0,0.0,3.85,20.2,1621031383852
0.0,0.0,3.85,20.2,1621031383858
0.0,0.0,3.85,20.2,1621031383898
0.0,0.0,3.85,20.2,1621031384547
0.0,0.0,3.85,20.2,1621031384551
0.0,0.0,3.85,20.2,1621031384556
0.0,0.0,3.85,20.2,1621031384560
0.0,0.0,3.85,20.2,1621031384564
0.0,0.0,3.85,20.2,1621031384568
0.0,0.0,3.85,20.2,1621031384572
0.0,0.0,3.85,20.2,1621031384576
0.0,0.0,3.85,20.2,1621031384579
0.0,0.0,3.85,20.2,1621031384758
0.0,0.0,3.85,20.2,1621031384764
0.0,0.0,3.84,20.2,1621031384877
35.1622200012207,139.61538696289062,3.84,20.2,1621031384877
0.0,0.0,3.85,20.2,1621031384969
0.0,0.0,3.85,20.0,1621031385090
0.0,0.0,3.85,20.0,1621031385158
0.0,0.0,3.85,20.0,1621031385229
0.0,0.0,3.85,20.0,1621031385299
0.0,0.0,3.861,20.0,1621031385366
0.0,0.0,3.861,20.0,1621031385437
0.0,0.0,3.861,20.0,1621031385507
0.0,0.0,3.861,20.0,1621031385578
0.0,0.0,3.861,20.0,1621031385647
0.0,0.0,3.871,20.0,1621031385717
0.0,0.0,3.861,20.0,1621031385787
0.0,0.0,3.861,20.0,1621031385858
0.0,0.0,3.861,20.0,1621031385927
0.0,0.0,3.861,20.0,1621031385997
0.0,0.0,3.861,20.0,1621031386066
0.0,0.0,3.861,20.0,1621031386136
0.0,0.0,3.85,20.0,1621031386206
0.0,0.0,3.85,20.0,1621031386276
0.0,0.0,3.85,20.0,1621031386349
0.0,0.0,3.861,20.0,1621031386419
0.0,0.0,3.861,20.0,1621031386487
0.0,0.0,3.861,20.0,1621031386557
0.0,0.0,3.861,20.0,1621031386752
0.0,0.0,3.861,20.0,1621031386759
0.0,0.0,3.861,20.0,1621031386772
0.0,0.0,3.871,20.0,1621031386837
35.16223907470703,139.61537170410156,3.871,20.0,1621031386837
0.0,0.0,3.861,20.0,1621031387046
0.0,0.0,3.861,20.0,1621031387050
0.0,0.0,3.861,20.0,1621031387058
0.0,0.0,3.861,20.0,1621031387116
0.0,0.0,3.861,20.0,1621031387328
0.0,0.0,3.861,20.0,1621031387346
0.0,0.0,3.861,20.0,1621031387350
0.0,0.0,3.85,20.0,1621031387397
0.0,0.0,3.85,20.0,1621031387626
0.0,0.0,3.85,20.0,1621031387632
0.0,0.0,3.85,20.0,1621031387641
0.0,0.0,3.85,20.0,1621031387678
0.0,0.0,3.85,20.0,1621031387928
0.0,0.0,3.85,20.0,1621031387932
0.0,0.0,3.85,20.0,1621031387938
0.0,0.0,3.85,20.0,1621031387959
0.0,0.0,3.85,20.0,1621031388030
0.0,0.0,3.85,20.0,1621031388230
0.0,0.0,3.85,20.0,1621031388234
0.0,0.0,3.85,20.0,1621031388242
0.0,0.0,3.85,20.0,1621031388310
0.0,0.0,3.85,20.0,1621031388525
0.0,0.0,3.85,20.0,1621031388529
0.0,0.0,3.85,20.0,1621031388536
0.0,0.0,3.861,20.0,1621031388589
0.0,0.0,3.85,20.0,1621031388829
0.0,0.0,3.861,20.0,1621031388835
0.0,0.0,3.861,20.0,1621031388841
0.0,0.0,3.861,20.0,1621031388869
35.16225814819336,139.6153564453125,3.861,20.0,1621031388869
0.0,0.0,3.861,20.0,1621031388936
0.0,0.0,3.861,20.0,1621031389555
0.0,0.0,3.861,20.0,1621031389568
0.0,0.0,3.871,20.0,1621031389576
0.0,0.0,3.871,20.0,1621031389588
0.0,0.0,3.871,20.0,1621031389592
0.0,0.0,3.881,20.0,1621031389597
0.0,0.0,3.881,20.0,1621031389602
0.0,0.0,3.881,20.0,1621031389605
0.0,0.0,3.881,20.0,1621031389751
0.0,0.0,3.881,20.0,1621031389759
0.0,0.0,3.881,20.0,1621031389772
0.0,0.0,3.881,20.0,1621031389782
0.0,0.0,3.881,20.0,1621031389856
0.0,0.0,3.881,20.0,1621031389917
0.0,0.0,3.881,20.0,1621031389987
0.0,0.0,3.881,20.0,1621031390126
0.0,0.0,3.881,20.0,1621031390198
0.0,0.0,3.881,20.0,1621031390266
0.0,0.0,3.892,20.0,1621031390337
0.0,0.0,3.892,20.0,1621031390408
0.0,0.0,3.892,20.0,1621031390479
0.0,0.0,3.892,20.0,1621031390547
0.0,0.0,3.892,20.0,1621031390616
0.0,0.0,3.892,20.0,1621031390686
0.0,0.0,3.892,20.0,1621031390757
0.0,0.0,3.892,20.0,1621031390827
35.16227722167969,139.61534118652344,3.892,20.0,1621031390827
0.0,0.0,3.902,20.0,1621031390910
0.0,0.0,3.902,20.0,1621031390967
0.0,0.0,3.892,20.0,1621031391037
0.0,0.0,3.892,20.0,1621031391177
0.0,0.0,3.892,20.0,1621031391246
0.0,0.0,3.902,20.0,1621031391317
0.0,0.0,3.902,20.0,1621031391389
0.0,0.0,3.892,20.0,1621031391459
0.0,0.0,3.902,20.0,1621031391527
0.0,0.0,3.902,20.0,1621031391763
0.0,0.0,3.902,20.0,1621031391770
0.0,0.0,3.902,20.0,1621031391775
0.0,0.0,3.902,20.0,1621031391808
0.0,0.0,3.902,20.0,1621031391877
0.0,0.0,3.902,20.0,1621031392054
0.0,0.0,3.902,20.0,1621031392059
0.0,0.0,3.902,20.0,1621031392089
0.0,0.0,3.902,20.0,1621031392156
0.0,0.0,3.902,20.0,1621031392336
0.0,0.0,3.913,20.0,1621031392368
0.0,0.0,3.913,20.0,1621031392436
0.0,0.0,3.913,20.0,1621031392648
0.0,0.0,3.913,20.0,1621031392652
0.0,0.0,3.913,20.0,1621031392661
0.0,0.0,3.913,20.0,1621031392716
35.16230010986328,139.61532592773438,3.913,20.0,1621031392716
0.0,0.0,3.923,20.0,1621031392953
0.0,0.0,3.923,20.0,1621031392957
0.0,0.0,3.923,20.0,1621031392999
0.0,0.0,3.923,20.0,1621031393066
0.0,0.0,3.933,20.0,1621031393261
0.0,0.0,3.933,20.0,1621031393265
0.0,0.0,3.933,20.0,1621031393278
0.0,0.0,3.923,20.0,1621031393347
0.0,0.0,3.923,20.0,1621031393564
0.0,0.0,3.933,20.0,1621031393570
0.0,0.0,3.933,20.0,1621031393577
0.0,0.0,3.933,20.0,1621031393626
0.0,0.0,3.933,20.0,1621031393869
0.0,0.0,3.933,20.0,1621031393873
0.0,0.0,3.923,20.0,1621031393918
0.0,0.0,3.923,20.0,1621031393977
0.0,0.0,3.923,20.0,1621031394561
0.0,0.0,3.923,20.0,1621031394565
0.0,0.0,3.923,20.0,1621031394569
0.0,0.0,3.923,20.0,1621031394573
0.0,0.0,3.923,20.0,1621031394576
0.0,0.0,3.923,20.0,1621031394579
0.0,0.0,3.913,20.0,1621031394582
0.0,0.0,3.913,20.0,1621031394586
0.0,0.0,3.923,20.0,1621031394780
0.0,0.0,3.923,20.0,1621031394788
0.0,0.0,3.923,20.0,1621031394792
0.0,0.0,3.923,20.0,1621031394819
35.16231918334961,139.61529541015625,3.923,20.0,1621031394819
0.0,0.0,3.923,19.8,1621031394907
0.0,0.0,3.923,19.8,1621031394957
0.0,0.0,3.923,19.8,1621031395027
0.0,0.0,3.913,19.8,1621031395098
0.0,0.0,3.913,19.8,1621031395239
0.0,0.0,3.913,19.8,1621031395306
0.0,0.0,3.913,19.8,1621031395376
0.0,0.0,3.902,19.8,1621031395446
0.0,0.0,3.902,19.8,1621031395518
0.0,0.0,3.902,19.8,1621031395587
0.0,0.0,3.902,19.8,1621031395660
0.0,0.0,3.902,19.8,1621031395727
0.0,0.0,3.902,19.8,1621031395797
0.0,0.0,3.902,19.8,1621031395866
0.0,0.0,3.902,19.8,1621031395939
0.0,0.0,3.902,19.8,1621031396077
0.0,0.0,3.902,19.8,1621031396148
0.0,0.0,3.913,19.8,1621031396217
0.0,0.0,3.923,19.8,1621031396292
0.0,0.0,3.923,19.8,1621031396358
0.0,0.0,3.933,19.8,1621031396428
0.0,0.0,3.933,19.8,1621031396499
0.0,0.0,3.933,19.8,1621031396570
0.0,0.0,3.933,19.8,1621031396781
0.0,0.0,3.944,19.8,1621031396786
0.0,0.0,3.944,19.8,1621031396793
0.0,0.0,3.944,19.8,1621031396846
35.16233825683594,139.6152801513672,3.944,19.8,1621031396846
0.0,0.0,3.944,19.8,1621031397071
0.0,0.0,3.944,19.8,1621031397079
0.0,0.0,3.944,19.8,1621031397092
0.0,0.0,3.944,19.8,1621031397127
0.0,0.0,3.944,19.8,1621031397372
0.0,0.0,3.944,19.8,1621031397376
0.0,0.0,3.944,19.8,1621031397382
0.0,0.0,3.944,19.8,1621031397408
0.0,0.0,3.944,19.8,1621031397476
0.0,0.0,3.944,19.8,1621031397670
0.0,0.0,3.954,19.8,1621031397675
0.0,0.0,3.954,19.8,1621031397687
0.0,0.0,3.954,19.8,1621031397980
0.0,0.0,3.965,19.8,1621031397984
0.0,0.0,3.965,19.8,1621031397988
0.0,0.0,3.965,19.8,1621031398038
0.0,0.0,3.975,19.8,1621031398282
0.0,0.0,3.975,19.8,1621031398288
0.0,0.0,3.985,19.8,1621031398294
0.0,0.0,3.985,19.8,1621031398321
0.0,0.0,3.985,19.8,1621031398387
0.0,0.0,3.985,19.8,1621031398583
0.0,0.0,3.985,19.8,1621031398588
0.0,0.0,3.985,19.8,1621031398599
0.0,0.0,3.985,19.8,1621031398669
35.162353515625,139.61526489257812,3.985,19.8,1621031398669
0.0,0.0,3.985,19.8,1621031398911
0.0,0.0,3.985,19.8,1621031398924
0.0,0.0,3.985,19.8,1621031398929
0.0,0.0,3.985,19.8,1621031398946
0.0,0.0,3.975,19.8,1621031399202
0.0,0.0,3.975,19.8,1621031399207
0.0,0.0,3.985,19.8,1621031399213
0.0,0.0,3.985,19.8,1621031399228
0.0,0.0,3.985,19.8,1621031399296
0.0,0.0,3.996,19.8,1621031399501
0.0,0.0,3.996,19.8,1621031399505
0.0,0.0,4.006,19.8,1621031399517
0.0,0.0,4.006,19.8,1621031399581
0.0,0.0,4.006,19.8,1621031399809
0.0,0.0,4.006,19.8,1621031399816
0.0,0.0,4.017,19.8,1621031399827
0.0,0.0,4.017,19.8,1621031399862
0.0,0.0,4.017,19.8,1621031399933
0.0,0.0,4.006,19.8,1621031400001
0.0,0.0,4.006,19.6,1621031400069
0.0,0.0,4.006,19.6,1621031400139
0.0,0.0,4.006,19.6,1621031400210
0.0,0.0,4.006,19.6,1621031400278
0.0,0.0,4.006,19.6,1621031400825
0.0,0.0,4.006,19.6,1621031400828
0.0,0.0,3.996,19.6,1621031400835
0.0,0.0,3.996,19.6,1621031400841
0.0,0.0,3.996,19.6,1621031400848
35.16236877441406,139.615234375,3.996,19.6,1621031400848
0.0,0.0,3.996,19.6,1621031400922
0.0,0.0,3.996,19.6,1621031400980
0.0,0.0,3.996,19.6,1621031401048
0.0,0.0,3.996,19.6,1621031401123
0.0,0.0,3.996,19.6,1621031401188
0.0,0.0,3.996,19.6,1621031401259
0.0,0.0,4.006,19.6,1621031401329
0.0,0.0,4.006,19.6,1621031401399
0.0,0.0,4.006,19.6,1621031401469
0.0,0.0,4.006,19.6,1621031401539
0.0,0.0,4.006,19.6,1621031401612
0.0,0.0,4.006,19.6,1621031401811
0.0,0.0,4.006,19.6,1621031401818
0.0,0.0,4.006,19.6,1621031401823
0.0,0.0,4.006,19.6,1621031401889
0.0,0.0,4.006,19.6,1621031402090
0.0,0.0,4.006,19.6,1621031402096
0.0,0.0,4.006,19.6,1621031402104
0.0,0.0,4.006,19.6,1621031402382
0.0,0.0,4.006,19.6,1621031402386
0.0,0.0,4.006,19.6,1621031402392
0.0,0.0,4.006,19.6,1621031402448
0.0,0.0,4.017,19.6,1621031402673
0.0,0.0,4.017,19.6,1621031402677
0.0,0.0,4.017,19.6,1621031402681
0.0,0.0,4.017,19.6,1621031402736
35.16238784790039,139.61521911621094,4.017,19.6,1621031402736
0.0,0.0,4.017,19.6,1621031402956
0.0,0.0,4.017,19.6,1621031402963
0.0,0.0,4.017,19.6,1621031402967
0.0,0.0,4.017,19.6,1621031403010
0.0,0.0,4.017,19.6,1621031403266
0.0,0.0,4.017,19.6,1621031403269
0.0,0.0,4.017,19.6,1621031403275
0.0,0.0,4.017,19.6,1621031403291
0.0,0.0,4.017,19.6,1621031403360
0.0,0.0,4.017,19.6,1621031403567
0.0,0.0,4.017,19.6,1621031403571
0.0,0.0,4.017,19.6,1621031403576
0.0,0.0,4.017,19.6,1621031403638
0.0,0.0,4.017,19.6,1621031403879
0.0,0.0,4.017,19.6,1621031403884
0.0,0.0,4.027,19.6,1621031403900
0.0,0.0,4.027,19.6,1621031403921
0.0,0.0,4.037,19.6,1621031403995
0.0,0.0,4.037,19.6,1621031404184
0.0,0.0,4.037,19.6,1621031404189
0.0,0.0,4.027,19.6,1621031404201
0.0,0.0,4.027,19.6,1621031404268
0.0,0.0,4.027,19.6,1621031404489
0.0,0.0,4.027,19.6,1621031404492
0.0,0.0,4.037,19.6,1621031404500
0.0,0.0,4.027,19.6,1621031404555
0.0,0.0,4.027,19.6,1621031404791
0.0,0.0,4.037,19.6,1621031404796
0.0,0.0,4.037,19.6,1621031404805
0.0,0.0,4.037,19.6,1621031404840
35.16240692138672,139.61520385742188,4.037,19.6,1621031404840
0.0,0.0,4.037,19.6,1621031404910
0.0,0.0,4.037,19.6,1621031405446
0.0,0.0,4.037,19.6,1621031405450
0.0,0.0,4.037,19.6,1621031405454
0.0,0.0,4.037,19.6,1621031405461
0.0,0.0,4.048,19.6,1621031405472
0.0,0.0,4.048,19.6,1621031405475
0.0,0.0,4.048,19.6,1621031405480
0.0,0.0,4.048,19.6,1621031405489
0.0,0.0,4.048,19.6,1621031405529
0.0,0.0,4.048,19.6,1621031405599
0.0,0.0,4.048,19.6,1621031405681
0.0,0.0,4.048,19.6,1621031405739
0.0,0.0,4.058,19.6,1621031405809
0.0,0.0,4.048,19.6,1621031405880
0.0,0.0,4.048,19.6,1621031405952
0.0,0.0,4.058,19.6,1621031406022
0.0,0.0,4.058,19.6,1621031406090
0.0,0.0,4.058,19.6,1621031406159
0.0,0.0,4.048,19.6,1621031406233
0.0,0.0,4.048,19.6,1621031406302
0.0,0.0,4.058,19.6,1621031406369
0.0,0.0,4.058,19.6,1621031406438
0.0,0.0,4.058,19.6,1621031406509
0.0,0.0,4.058,19.6,1621031406581
0.0,0.0,4.048,19.6,1621031406808
0.0,0.0,4.048,19.6,1621031406812
0.0,0.0,4.048,19.6,1621031406815
0.0,0.0,4.048,19.6,1621031406860
35.16242218017578,139.6151885986328,4.048,19.6,1621031406860
0.0,0.0,4.048,19.6,1621031407900
0.0,0.0,4.037,19.6,1621031407918
0.0,0.0,4.037,19.6,1621031407932
0.0,0.0,4.037,19.6,1621031407936
0.0,0.0,4.027,19.6,1621031407944
0.0,0.0,4.027,19.6,1621031407947
0.0,0.0,4.027,19.6,1621031407954
0.0,0.0,4.037,19.6,1621031407957
0.0,0.0,4.027,19.6,1621031407963
0.0,0.0,4.027,19.6,1621031407975
0.0,0.0,4.027,19.6,1621031407980
0.0,0.0,4.027,19.6,1621031407988
0.0,0.0,4.037,19.6,1621031407992
0.0,0.0,4.037,19.6,1621031408006
0.0,0.0,4.037,19.6,1621031408050
0.0,0.0,4.037,19.6,1621031408306
0.0,0.0,4.027,19.6,1621031408309
0.0,0.0,4.027,19.6,1621031408318
0.0,0.0,4.027,19.6,1621031408332
0.0,0.0,4.027,19.6,1621031408402
0.0,0.0,4.027,19.6,1621031408608
0.0,0.0,4.027,19.6,1621031408615
0.0,0.0,4.027,19.6,1621031408679
35.162437438964844,139.61517333984375,4.027,19.6,1621031408679
0.0,0.0,4.027,19.6,1621031408941
0.0,0.0,4.027,19.6,1621031408964
0.0,0.0,4.037,19.6,1621031408968
0.0,0.0,4.037,19.6,1621031408973
0.0,0.0,4.037,19.6,1621031409032
0.0,0.0,4.037,19.6,1621031409221
0.0,0.0,4.037,19.6,1621031409225
0.0,0.0,4.037,19.6,1621031409240
0.0,0.0,4.037,19.6,1621031409309
0.0,0.0,4.048,19.6,1621031409950
0.0,0.0,4.048,19.6,1621031409955
0.0,0.0,4.048,19.6,1621031409965
0.0,0.0,4.048,19.6,1621031409969
0.0,0.0,4.048,19.6,1621031409973
0.0,0.0,4.048,19.6,1621031409978
0.0,0.0,4.048,19.6,1621031409982
0.0,0.0,4.048,19.6,1621031409988
0.0,0.0,4.048,19.6,1621031410009
0.0,0.0,4.048,19.6,1621031410097
0.0,0.0,4.048,19.6,1621031410152
0.0,0.0,4.048,19.6,1621031410224
0.0,0.0,4.048,19.6,1621031410289
0.0,0.0,4.048,19.6,1621031410359
0.0,0.0,4.058,19.6,1621031410433
0.0,0.0,4.058,19.6,1621031410499
0.0,0.0,4.058,19.6,1621031410572
0.0,0.0,4.069,19.6,1621031410639
0.0,0.0,4.069,19.6,1621031410710
0.0,0.0,4.069,19.6,1621031410779
0.0,0.0,4.069,19.6,1621031410848
35.16245651245117,139.6151580810547,4.069,19.6,1621031410848
0.0,0.0,4.069,19.6,1621031410924
0.0,0.0,4.069,19.6,1621031410990
0.0,0.0,4.069,19.6,1621031411059
0.0,0.0,4.069,19.6,1621031411128
0.0,0.0,4.069,19.6,1621031411200
0.0,0.0,4.069,19.6,1621031411275
0.0,0.0,4.069,19.6,1621031411350
0.0,0.0,4.069,19.6,1621031411409
0.0,0.0,4.069,19.6,1621031411484
0.0,0.0,4.069,19.6,1621031411549
0.0,0.0,4.058,19.6,1621031411620
0.0,0.0,4.058,19.6,1621031411847
0.0,0.0,4.058,19.6,1621031411855
0.0,0.0,4.058,19.6,1621031411900
0.0,0.0,4.058,19.6,1621031412118
0.0,0.0,4.058,19.6,1621031412124
0.0,0.0,4.058,19.6,1621031412128
0.0,0.0,4.069,19.6,1621031412181
0.0,0.0,4.069,19.6,1621031412417
0.0,0.0,4.079,19.6,1621031412423
0.0,0.0,4.079,19.6,1621031412430
0.0,0.0,4.079,19.6,1621031412460
0.0,0.0,4.079,19.6,1621031412529
0.0,0.0,4.079,19.6,1621031412717
0.0,0.0,4.069,19.6,1621031412722
0.0,0.0,4.069,19.6,1621031412740
0.0,0.0,4.069,19.6,1621031412810
35.162471771240234,139.61514282226562,4.069,19.6,1621031412810
0.0,0.0,4.069,19.6,1621031413021
0.0,0.0,4.069,19.6,1621031413026
0.0,0.0,4.069,19.6,1621031413032
0.0,0.0,4.069,19.6,1621031413089
0.0,0.0,4.069,19.6,1621031413319
0.0,0.0,4.069,19.6,1621031413327
0.0,0.0,4.069,19.6,1621031413333
0.0,0.0,4.069,19.6,1621031413370
0.0,0.0,4.069,19.6,1621031413622
0.0,0.0,4.069,19.6,1621031413629
0.0,0.0,4.069,19.6,1621031413634
0.0,0.0,4.069,19.6,1621031413653
0.0,0.0,4.069,19.6,1621031413720
0.0,0.0,4.069,19.6,1621031413934
0.0,0.0,4.069,19.6,1621031413938
0.0,0.0,4.069,19.6,1621031413943
0.0,0.0,4.069,19.6,1621031414000
0.0,0.0,4.069,19.6,1621031414240
0.0,0.0,4.069,19.6,1621031414246
0.0,0.0,4.069,19.6,1621031414250
0.0,0.0,4.069,19.6,1621031414281
0.0,0.0,4.069,19.6,1621031414349
35.16249084472656,139.61512756347656,4.069,19.6,1621031414349
0.0,0.0,4.069,19.6,1621031414947
0.0,0.0,4.069,19.6,1621031414951
0.0,0.0,4.058,19.6,1621031414956
0.0,0.0,4.058,19.6,1621031414961
0.0,0.0,4.058,19.6,1621031414965
0.0,0.0,4.058,19.6,1621031414968
0.0,0.0,4.058,19.6,1621031414972
0.0,0.0,4.058,19.6,1621031414985
0.0,0.0,4.058,19.6,1621031415055
0.0,0.0,4.058,19.6,1621031415119
0.0,0.0,4.058,19.6,1621031415193
0.0,0.0,4.069,19.6,1621031416503
0.0,0.0,4.069,19.6,1621031416508
0.0,0.0,4.069,19.6,1621031416518
0.0,0.0,4.069,19.6,1621031416526
0.0,0.0,4.069,19.6,1621031416538
0.0,0.0,4.069,19.6,1621031416543
0.0,0.0,4.069,19.6,1621031416549
0.0,0.0,4.069,19.6,1621031416557
0.0,0.0,4.069,19.6,1621031416561
0.0,0.0,4.069,19.6,1621031416566
0.0,0.0,4.079,19.6,1621031416577
0.0,0.0,4.079,19.6,1621031416590
0.0,0.0,4.089,19.6,1621031416596
0.0,0.0,4.089,19.6,1621031416599
0.0,0.0,4.089,19.6,1621031416609
0.0,0.0,4.089,19.6,1621031416613
0.0,0.0,4.089,19.6,1621031416619
0.0,0.0,4.089,19.6,1621031416623
0.0,0.0,4.079,19.6,1621031416627
0.0,0.0,4.079,19.6,1621031416837
0.0,0.0,4.079,19.6,1621031416841
0.0,0.0,4.079,19.6,1621031416845
0.0,0.0,4.079,19.6,1621031416871
35.16250991821289,139.6151123046875,4.079,19.6,1621031416871
0.0,0.0,4.079,19.6,1621031416939
0.0,0.0,4.079,19.6,1621031417150
0.0,0.0,4.079,19.6,1621031417219
0.0,0.0,4.079,19.6,1621031417429
0.0,0.0,4.079,19.6,1621031417436
0.0,0.0,4.079,19.6,1621031417442
0.0,0.0,4.079,19.6,1621031417502
0.0,0.0,4.079,19.6,1621031417731
0.0,0.0,4.069,19.6,1621031417738
0.0,0.0,4.069,19.6,1621031417746
0.0,0.0,4.069,19.6,1621031417785
0.0,0.0,4.069,19.6,1621031418027
0.0,0.0,4.069,19.6,1621031418033
0.0,0.0,4.069,19.6,1621031418045
0.0,0.0,4.069,19.6,1621031418062
0.0,0.0,4.058,19.6,1621031418130
0.0,0.0,4.058,19.6,1621031418327
0.0,0.0,4.058,19.6,1621031418332
0.0,0.0,4.048,19.6,1621031418341
0.0,0.0,4.048,19.6,1621031418409
0.0,0.0,4.048,19.6,1621031418630
0.0,0.0,4.048,19.6,1621031418638
0.0,0.0,4.048,19.6,1621031418652
0.0,0.0,4.048,19.6,1621031418689
35.16252899169922,139.61509704589844,4.048,19.6,1621031418689
0.0,0.0,4.048,19.6,1621031418983
0.0,0.0,4.048,19.6,1621031418987
0.0,0.0,4.048,19.6,1621031418995
0.0,0.0,4.058,19.6,1621031419000
0.0,0.0,4.058,19.6,1621031419246
0.0,0.0,4.069,19.6,1621031419252
0.0,0.0,4.069,19.6,1621031419260
0.0,0.0,4.069,19.6,1621031419320
0.0,0.0,4.069,19.6,1621031419551
0.0,0.0,4.069,19.6,1621031419557
0.0,0.0,4.069,19.6,1621031419560
0.0,0.0,4.069,19.6,1621031419605
0.0,0.0,4.058,19.6,1621031419854
0.0,0.0,4.069,19.6,1621031419860
0.0,0.0,4.069,19.6,1621031419870
0.0,0.0,4.058,19.6,1621031419884
0.0,0.0,4.069,19.6,1621031419950
0.0,0.0,4.058,19.6,1621031420778
0.0,0.0,4.058,19.6,1621031420784
0.0,0.0,4.058,19.6,1621031420789
0.0,0.0,4.058,19.6,1621031420795
0.0,0.0,4.058,19.6,1621031420804
0.0,0.0,4.058,19.6,1621031420836
35.16254425048828,139.61509704589844,4.058,19.6,1621031420836
0.0,0.0,4.058,19.6,1621031420911
0.0,0.0,4.058,19.6,1621031420973
0.0,0.0,4.069,19.6,1621031421044
0.0,0.0,4.069,19.6,1621031421115
0.0,0.0,4.069,19.6,1621031421185
0.0,0.0,4.069,19.6,1621031421257
0.0,0.0,4.069,19.6,1621031421325
0.0,0.0,4.079,19.6,1621031421395
0.0,0.0,4.079,19.6,1621031421464
0.0,0.0,4.079,19.6,1621031421541
0.0,0.0,4.079,19.6,1621031421607
0.0,0.0,4.079,19.6,1621031421674
0.0,0.0,4.079,19.6,1621031421899
0.0,0.0,4.079,19.6,1621031421906
0.0,0.0,4.079,19.6,1621031421915
0.0,0.0,4.079,19.6,1621031421954
0.0,0.0,4.079,19.6,1621031422188
0.0,0.0,4.079,19.6,1621031422192
0.0,0.0,4.079,19.6,1621031422201
0.0,0.0,4.089,19.6,1621031422235
0.0,0.0,4.089,19.6,1621031422303
0.0,0.0,4.089,19.6,1621031422469
0.0,0.0,4.089,19.6,1621031422474
0.0,0.0,4.1,19.6,1621031422532
0.0,0.0,4.1,19.6,1621031422583
0.0,0.0,4.1,19.6,1621031422772
0.0,0.0,4.1,19.6,1621031422779
0.0,0.0,4.1,19.6,1621031422801
0.0,0.0,4.1,19.6,1621031422863
35.16255569458008,139.61509704589844,4.1,19.6,1621031422863
0.0,0.0,4.1,19.6,1621031423074
0.0,0.0,4.1,19.6,1621031423078
0.0,0.0,4.1,19.6,1621031423144
0.0,0.0,4.1,19.6,1621031423383
0.0,0.0,4.1,19.6,1621031423388
0.0,0.0,4.1,19.6,1621031423393
0.0,0.0,4.1,19.6,1621031423425
0.0,0.0,4.1,19.6,1621031423493
0.0,0.0,4.1,19.6,1621031423683
0.0,0.0,4.1,19.6,1621031423704
0.0,0.0,4.089,19.6,1621031423773
0.0,0.0,4.089,19.6,1621031423988
0.0,0.0,4.089,19.6,1621031423993
0.0,0.0,4.089,19.6,1621031424000
0.0,0.0,4.089,19.6,1621031424053
0.0,0.0,4.089,19.6,1621031424294
0.0,0.0,4.079,19.6,1621031424302
0.0,0.0,4.079,19.6,1621031424312
0.0,0.0,4.079,19.6,1621031424335
0.0,0.0,4.079,19.6,1621031424406
0.0,0.0,4.079,19.6,1621031424598
0.0,0.0,4.079,19.6,1621031424605
0.0,0.0,4.079,19.6,1621031424615
0.0,0.0,4.079,19.6,1621031424683
35.162567138671875,139.61509704589844,4.079,19.6,1621031424683
0.0,0.0,4.079,19.6,1621031424932
0.0,0.0,4.079,19.6,1621031424952
0.0,0.0,4.079,19.6,1621031424960
0.0,0.0,4.079,19.6,1621031424968
0.0,0.0,4.079,19.6,1621031425473
0.0,0.0,4.089,19.6,1621031425480
0.0,0.0,4.089,19.6,1621031425487
0.0,0.0,4.089,19.6,1621031425498
0.0,0.0,4.089,19.6,1621031425506
0.0,0.0,4.089,19.6,1621031425512
0.0,0.0,4.1,19.6,1621031425515
0.0,0.0,4.1,19.6,1621031425529
0.0,0.0,4.1,19.6,1621031425601
0.0,0.0,4.1,19.6,1621031425666
0.0,0.0,4.11,19.6,1621031425749
0.0,0.0,4.11,19.6,1621031425808
0.0,0.0,4.11,19.6,1621031425875
0.0,0.0,4.11,19.6,1621031425944
0.0,0.0,4.121,19.6,1621031426019
0.0,0.0,4.121,19.6,1621031426089
0.0,0.0,4.131,19.6,1621031426156
0.0,0.0,4.131,19.6,1621031426294
0.0,0.0,4.131,19.6,1621031426369
0.0,0.0,4.141,19.6,1621031426435
0.0,0.0,4.141,19.6,1621031426505
0.0,0.0,4.141,19.6,1621031426574
0.0,0.0,4.152,19.6,1621031426646
0.0,0.0,4.152,19.6,1621031426716
35.16257858276367,139.61509704589844,4.152,19.6,1621031426716
0.0,0.0,4.152,19.6,1621031426923
0.0,0.0,4.152,19.6,1621031426947
0.0,0.0,4.152,19.6,1621031426994
0.0,0.0,4.152,19.6,1621031427209
0.0,0.0,4.152,19.6,1621031427218
0.0,0.0,4.152,19.6,1621031427226
0.0,0.0,4.152,19.4,1621031427277
0.0,0.0,4.152,19.4,1621031427485
0.0,0.0,4.152,19.4,1621031427490
0.0,0.0,4.152,19.4,1621031427505
0.0,0.0,4.152,19.4,1621031427558
0.0,0.0,4.162,19.4,1621031427787
0.0,0.0,4.162,19.4,1621031427791
0.0,0.0,4.162,19.4,1621031427796
0.0,0.0,4.162,19.4,1621031427836
0.0,0.0,4.173,19.4,1621031427904
0.0,0.0,4.173,19.4,1621031428082
0.0,0.0,4.173,19.4,1621031428087
0.0,0.0,4.173,19.4,1621031428115
0.0,0.0,4.173,19.4,1621031428184
0.0,0.0,4.173,19.4,1621031428368
0.0,0.0,4.173,19.4,1621031428374
0.0,0.0,4.173,19.4,1621031428396
0.0,0.0,4.173,19.4,1621031428680
0.0,0.0,4.173,19.4,1621031428683
0.0,0.0,4.183,19.4,1621031428689
0.0,0.0,4.173,19.4,1621031428746
0.0,0.0,4.183,19.4,1621031428985
0.0,0.0,4.173,19.4,1621031428988
0.0,0.0,4.173,19.4,1621031428992
35.16259002685547,139.61509704589844,4.173,19.4,1621031428992
0.0,0.0,4.183,19.4,1621031429026
0.0,0.0,4.183,19.4,1621031429094
0.0,0.0,4.183,19.4,1621031429290
0.0,0.0,4.183,19.4,1621031429294
0.0,0.0,4.183,19.4,1621031429305
0.0,0.0,4.194,19.4,1621031429376
0.0,0.0,4.194,19.4,1621031429593
0.0,0.0,4.194,19.4,1621031429597
0.0,0.0,4.194,19.4,1621031429609
0.0,0.0,4.194,19.4,1621031429654
0.0,0.0,4.194,19.4,1621031429901
0.0,0.0,4.194,19.4,1621031429905
0.0,0.0,4.194,19.4,1621031429910
0.0,0.0,4.194,19.4,1621031429936
0.0,0.0,4.194,19.4,1621031430472
0.0,0.0,4.194,19.4,1621031430479
0.0,0.0,4.194,19.4,1621031430487
0.0,0.0,4.194,19.4,1621031430491
0.0,0.0,4.194,19.4,1621031430494
0.0,0.0,4.194,19.4,1621031430634
0.0,0.0,4.194,19.4,1621031430704
0.0,0.0,4.194,19.4,1621031430775
0.0,0.0,4.194,19.4,1621031430844
0.0,0.0,4.194,19.4,1621031430936
0.0,0.0,4.204,19.4,1621031430984
0.0,0.0,4.204,19.4,1621031431054
0.0,0.0,4.204,19.4,1621031431124
0.0,0.0,4.194,19.4,1621031431196
0.0,0.0,4.194,19.4,1621031431265
0.0,0.0,4.194,19.4,1621031431336
0.0,0.0,4.194,19.4,1621031431406
0.0,0.0,4.194,19.4,1621031431474
0.0,0.0,4.194,19.4,1621031431548
0.0,0.0,4.194,19.4,1621031431614
0.0,0.0,4.194,19.4,1621031431690
0.0,0.0,4.194,19.4,1621031431915
0.0,0.0,4.194,19.4,1621031431918
0.0,0.0,4.194,19.4,1621031431922
0.0,0.0,4.194,19.4,1621031431968
0.0,0.0,4.194,19.4,1621031432193
0.0,0.0,4.194,19.4,1621031432198
0.0,0.0,4.194,19.4,1621031432203
0.0,0.0,4.194,19.4,1621031432246
0.0,0.0,4.204,19.4,1621031432497
0.0,0.0,4.204,19.4,1621031432509
0.0,0.0,4.204,19.4,1621031432516
0.0,0.0,4.204,19.4,1621031432527
0.0,0.0,4.204,19.4,1621031432597
0.0,0.0,4.204,19.4,1621031432793
0.0,0.0,4.204,19.4,1621031432796
0.0,0.0,4.214,19.4,1621031432806
0.0,0.0,4.204,19.4,1621031432874
0.0,0.0,4.204,19.4,1621031433079
35.16260528564453,139.61509704589844,4.204,19.4,1621031433079
0.0,0.0,4.204,19.4,1621031433086
0.0,0.0,4.204,19.4,1621031433094
0.0,0.0,4.204,19.4,1621031433154
0.0,0.0,4.204,19.4,1621031433389
0.0,0.0,4.204,19.4,1621031433394
0.0,0.0,4.214,19.4,1621031433400
0.0,0.0,4.214,19.4,1621031433436
0.0,0.0,4.225,19.4,1621031433504
0.0,0.0,4.225,19.4,1621031433692
0.0,0.0,4.225,19.4,1621031433696
0.0,0.0,4.225,19.4,1621031433715
0.0,0.0,4.225,19.4,1621031433784
0.0,0.0,4.225,19.4,1621031434005
0.0,0.0,4.235,19.4,1621031434065
0.0,0.0,4.235,19.4,1621031434309
0.0,0.0,4.235,19.4,1621031434315
0.0,0.0,4.246,19.4,1621031434320
0.0,0.0,4.246,19.4,1621031434355
0.0,0.0,4.256,19.4,1621031434415
0.0,0.0,4.256,19.4,1621031434612
0.0,0.0,4.256,19.4,1621031434616
0.0,0.0,4.266,19.4,1621031434628
0.0,0.0,4.277,19.4,1621031434696
0.0,0.0,4.277,19.4,1621031434936
0.0,0.0,4.287,19.4,1621031434957
0.0,0.0,4.287,19.4,1621031434964
0.0,0.0,4.298,19.4,1621031435478
0.0,0.0,4.298,19.4,1621031435495
0.0,0.0,4.298,19.4,1621031435503
0.0,0.0,4.308,19.4,1621031435508
0.0,0.0,4.308,19.4,1621031435512
0.0,0.0,4.318,19.4,1621031435516
0.0,0.0,4.318,19.4,1621031435521
0.0,0.0,4.318,19.4,1621031435525
0.0,0.0,4.318,19.4,1621031435541
0.0,0.0,4.318,19.4,1621031435605
0.0,0.0,4.329,19.4,1621031435674
0.0,0.0,4.318,19.4,1621031435744
0.0,0.0,4.318,19.4,1621031435814
0.0,0.0,4.318,19.4,1621031435890
0.0,0.0,4.329,19.4,1621031435954
0.0,0.0,4.329,19.4,1621031436027
0.0,0.0,4.329,19.4,1621031436094
0.0,0.0,4.329,19.4,1621031436235
0.0,0.0,4.329,19.4,1621031436304
0.0,0.0,4.339,19.4,1621031436374
0.0,0.0,4.339,19.4,1621031436445
0.0,0.0,4.339,19.4,1621031436515
0.0,0.0,4.339,19.4,1621031436584
0.0,0.0,4.339,19.4,1621031436654
0.0,0.0,4.339,19.4,1621031436727
35.16262435913086,139.6151123046875,4.339,19.4,1621031436727
0.0,0.0,4.339,19.4,1621031436943
0.0,0.0,4.339,19.4,1621031436951
0.0,0.0,4.339,19.4,1621031436956
0.0,0.0,4.329,19.4,1621031437004
0.0,0.0,4.329,19.4,1621031437226
0.0,0.0,4.329,19.4,1621031437229
0.0,0.0,4.329,19.4,1621031437284
0.0,0.0,4.329,19.4,1621031437503
0.0,0.0,4.329,19.4,1621031437506
0.0,0.0,4.329,19.4,1621031437512
0.0,0.0,4.329,19.4,1621031437566
0.0,0.0,4.329,19.4,1621031437803
0.0,0.0,4.329,19.4,1621031437812
0.0,0.0,4.329,19.4,1621031437818
0.0,0.0,4.339,19.4,1621031437845
0.0,0.0,4.339,19.4,1621031437915
0.0,0.0,4.339,19.4,1621031438113
0.0,0.0,4.35,19.4,1621031438118
0.0,0.0,4.35,19.4,1621031438126
0.0,0.0,4.35,19.4,1621031438194
0.0,0.0,4.35,19.4,1621031438423
0.0,0.0,4.36,19.4,1621031438428
0.0,0.0,4.37,19.4,1621031438475
0.0,0.0,4.37,19.4,1621031438727
0.0,0.0,4.381,19.4,1621031438734
0.0,0.0,4.381,19.4,1621031438743
0.0,0.0,4.381,19.4,1621031438756
0.0,0.0,4.381,19.4,1621031438824
35.162635803222656,139.61509704589844,4.381,19.4,1621031438824
0.0,0.0,4.381,19.4,1621031439038
0.0,0.0,4.391,19.4,1621031439046
0.0,0.0,4.402,19.4,1621031439052
0.0,0.0,4.402,19.4,1621031439344
0.0,0.0,4.402,19.4,1621031439350
0.0,0.0,4.412,19.4,1621031439354
0.0,0.0,4.412,19.4,1621031439387
0.0,0.0,4.412,19.4,1621031439456
0.0,0.0,4.412,19.4,1621031439650
0.0,0.0,4.412,19.4,1621031439655
0.0,0.0,4.412,19.4,1621031439666
0.0,0.0,4.412,19.4,1621031439735
0.0,0.0,4.412,19.4,1621031439961
0.0,0.0,4.412,19.4,1621031439964
0.0,0.0,4.412,19.4,1621031439972
0.0,0.0,4.412,19.4,1621031440014
0.0,0.0,4.412,19.4,1621031441099
0.0,0.0,4.412,19.4,1621031441104
0.0,0.0,4.412,19.4,1621031441110
0.0,0.0,4.412,19.4,1621031441114
0.0,0.0,4.412,19.4,1621031441126
0.0,0.0,4.412,19.4,1621031441130
0.0,0.0,4.412,19.4,1621031441136
0.0,0.0,4.412,19.4,1621031441140
0.0,0.0,4.412,19.4,1621031441144
0.0,0.0,4.402,19.4,1621031441154
0.0,0.0,4.402,19.4,1621031441222
0.0,0.0,4.402,19.4,1621031441293
0.0,0.0,4.402,19.4,1621031441362
0.0,0.0,4.402,19.4,1621031441432
0.0,0.0,4.402,19.4,1621031441502
0.0,0.0,4.402,19.4,1621031441576
0.0,0.0,4.391,19.4,1621031441642
0.0,0.0,4.391,19.4,1621031441713
0.0,0.0,4.391,19.4,1621031441937
0.0,0.0,4.391,19.4,1621031441941
0.0,0.0,4.391,19.4,1621031441967
0.0,0.0,4.391,19.4,1621031441992
0.0,0.0,4.391,19.4,1621031442238
0.0,0.0,4.391,19.4,1621031442245
0.0,0.0,4.381,19.4,1621031442253
0.0,0.0,4.381,19.4,1621031442274
0.0,0.0,4.381,19.4,1621031442342
0.0,0.0,4.381,19.4,1621031442528
0.0,0.0,4.381,19.4,1621031442533
0.0,0.0,4.381,19.4,1621031442569
0.0,0.0,4.381,19.4,1621031442825
0.0,0.0,4.381,19.4,1621031442830
0.0,0.0,4.381,19.4,1621031442835
35.16266632080078,139.61508178710938,4.381,19.4,1621031442835
0.0,0.0,4.381,19.4,1621031442917
0.0,0.0,4.391,19.4,1621031443126
0.0,0.0,4.391,19.4,1621031443131
0.0,0.0,4.381,19.4,1621031443136
0.0,0.0,4.381,19.4,1621031443182
0.0,0.0,4.381,19.4,1621031443426
0.0,0.0,4.381,19.4,1621031443432
0.0,0.0,4.381,19.4,1621031443493
0.0,0.0,4.381,19.4,1621031443504
0.0,0.0,4.381,19.4,1621031443533
0.0,0.0,4.381,19.4,1621031443732
0.0,0.0,4.381,19.4,1621031443737
0.0,0.0,4.381,19.4,1621031443745
0.0,0.0,4.381,19.4,1621031443812
0.0,0.0,4.381,19.4,1621031444039
0.0,0.0,4.381,19.4,1621031444043
0.0,0.0,4.37,19.4,1621031444047
0.0,0.0,4.37,19.4,1621031444092
0.0,0.0,4.37,19.4,1621031444345
0.0,0.0,4.37,19.4,1621031444350
0.0,0.0,4.37,19.4,1621031444354
0.0,0.0,4.36,19.4,1621031444374
0.0,0.0,4.36,19.4,1621031444441
0.0,0.0,4.36,19.4,1621031444641
0.0,0.0,4.36,19.4,1621031444654
0.0,0.0,4.36,19.4,1621031444722
35.162681579589844,139.61505126953125,4.36,19.4,1621031444722
0.0,0.0,4.37,19.4,1621031444946
0.0,0.0,4.37,19.4,1621031444951
0.0,0.0,4.37,19.4,1621031444955
0.0,0.0,4.381,19.4,1621031445005
0.0,0.0,4.381,19.4,1621031445146
0.0,0.0,4.381,19.4,1621031445283
0.0,0.0,4.381,19.4,1621031445352
0.0,0.0,4.381,19.4,1621031445425
0.0,0.0,4.381,19.4,1621031445495
0.0,0.0,4.381,19.4,1621031446036
0.0,0.0,4.381,19.4,1621031446043
0.0,0.0,4.381,19.4,1621031446051
0.0,0.0,4.391,19.4,1621031446055
0.0,0.0,4.391,19.4,1621031446067
0.0,0.0,4.391,19.4,1621031446072
0.0,0.0,4.391,19.4,1621031446079
0.0,0.0,4.391,19.4,1621031446084
0.0,0.0,4.391,19.4,1621031446122
0.0,0.0,4.391,19.4,1621031446197
0.0,0.0,4.391,19.4,1621031446263
0.0,0.0,4.402,19.4,1621031446332
0.0,0.0,4.402,19.4,1621031446474
0.0,0.0,4.402,19.4,1621031446543
0.0,0.0,4.402,19.4,1621031446612
0.0,0.0,4.402,19.4,1621031446681
0.0,0.0,4.402,19.4,1621031446755
35.16269302368164,139.6150360107422,4.402,19.4,1621031446755
0.0,0.0,4.412,19.4,1621031446944
0.0,0.0,4.412,19.4,1621031446947
0.0,0.0,4.412,19.4,1621031446962
0.0,0.0,4.412,19.4,1621031447032
0.0,0.0,4.412,19.4,1621031447234
0.0,0.0,4.412,19.4,1621031447237
0.0,0.0,4.402,19.4,1621031447245
0.0,0.0,4.402,19.4,1621031447312
0.0,0.0,4.402,19.4,1621031447524
0.0,0.0,4.402,19.4,1621031447528
0.0,0.0,4.402,19.4,1621031447535
0.0,0.0,4.402,19.4,1621031447824
0.0,0.0,4.402,19.4,1621031447831
0.0,0.0,4.402,19.4,1621031447837
0.0,0.0,4.402,19.4,1621031447875
0.0,0.0,4.402,19.4,1621031447942
0.0,0.0,4.402,19.4,1621031448129
0.0,0.0,4.402,19.4,1621031448134
0.0,0.0,4.402,19.4,1621031448155
0.0,0.0,4.402,19.4,1621031448221
0.0,0.0,4.402,19.4,1621031448426
0.0,0.0,4.402,19.4,1621031448431
0.0,0.0,4.402,19.4,1621031448440
0.0,0.0,4.402,19.4,1621031448502
0.0,0.0,4.402,19.4,1621031448728
0.0,0.0,4.402,19.4,1621031448733
0.0,0.0,4.391,19.4,1621031448737
0.0,0.0,4.391,19.4,1621031448782
35.1627082824707,139.61500549316406,4.391,19.4,1621031448782
0.0,0.0,4.391,19.4,1621031449033
0.0,0.0,4.391,19.4,1621031449037
0.0,0.0,4.391,19.4,1621031449050
0.0,0.0,4.391,19.4,1621031449064
0.0,0.0,4.391,19.4,1621031449132
0.0,0.0,4.391,19.4,1621031449338
0.0,0.0,4.391,19.4,1621031449353
0.0,0.0,4.391,19.4,1621031449360
0.0,0.0,4.391,19.4,1621031449413
0.0,0.0,4.391,19.4,1621031449641
0.0,0.0,4.391,19.4,1621031449645
0.0,0.0,4.391,19.4,1621031449650
0.0,0.0,4.391,19.4,1621031449693
0.0,0.0,4.391,19.4,1621031449954
0.0,0.0,4.391,19.4,1621031449958
0.0,0.0,4.381,19.4,1621031449963
0.0,0.0,4.381,19.4,1621031449978
0.0,0.0,4.381,19.4,1621031450043
0.0,0.0,4.381,19.4,1621031450117
0.0,0.0,4.381,19.4,1621031450184
0.0,0.0,4.391,19.4,1621031450252
0.0,0.0,4.391,19.4,1621031450323
0.0,0.0,4.381,19.4,1621031450394
0.0,0.0,4.381,19.4,1621031450468
35.1627197265625,139.61497497558594,4.381,19.4,1621031450468
0.0,0.0,4.37,19.4,1621031451029
0.0,0.0,4.37,19.4,1621031451033
0.0,0.0,4.37,19.4,1621031451039
0.0,0.0,4.37,19.4,1621031451047
0.0,0.0,4.37,19.4,1621031451052
0.0,0.0,4.37,19.4,1621031451056
0.0,0.0,4.37,19.4,1621031451062
0.0,0.0,4.37,19.4,1621031451088
0.0,0.0,4.37,19.4,1621031451163
0.0,0.0,4.381,19.4,1621031451232
0.0,0.0,4.381,19.4,1621031451302
0.0,0.0,4.381,19.4,1621031451372
0.0,0.0,4.381,19.4,1621031451443
0.0,0.0,4.381,19.4,1621031451586
0.0,0.0,4.391,19.4,1621031451652
0.0,0.0,4.391,19.4,1621031451722
0.0,0.0,4.391,19.4,1621031451962
0.0,0.0,4.391,19.4,1621031451966
0.0,0.0,4.391,19.4,1621031451970
0.0,0.0,4.381,19.4,1621031452005
0.0,0.0,4.381,19.4,1621031452072
0.0,0.0,4.381,19.4,1621031452262
0.0,0.0,4.381,19.4,1621031452265
0.0,0.0,4.381,19.4,1621031452283
0.0,0.0,4.381,19.4,1621031452355
0.0,0.0,4.381,19.4,1621031452557
0.0,0.0,4.381,19.4,1621031452634
0.0,0.0,4.381,19.4,1621031452852
0.0,0.0,4.381,19.4,1621031452855
0.0,0.0,4.381,19.4,1621031452865
35.1627311706543,139.61495971679688,4.381,19.4,1621031452865
0.0,0.0,4.37,19.4,1621031452924
0.0,0.0,4.37,19.4,1621031453169
0.0,0.0,4.37,19.4,1621031453178
0.0,0.0,4.37,19.4,1621031453184
0.0,0.0,4.37,19.4,1621031453194
0.0,0.0,4.37,19.4,1621031453262
0.0,0.0,4.37,19.4,1621031453466
0.0,0.0,4.37,19.4,1621031453470
0.0,0.0,4.37,19.4,1621031453475
0.0,0.0,4.37,19.4,1621031453544
0.0,0.0,4.37,19.4,1621031453770
0.0,0.0,4.36,19.4,1621031453774
0.0,0.0,4.36,19.4,1621031453782
0.0,0.0,4.36,19.4,1621031453822
0.0,0.0,4.36,19.4,1621031454087
0.0,0.0,4.35,19.4,1621031454097
0.0,0.0,4.35,19.4,1621031454108
0.0,0.0,4.35,19.4,1621031454128
0.0,0.0,4.35,19.4,1621031454173
0.0,0.0,4.35,19.4,1621031454384
0.0,0.0,4.36,19.4,1621031454394
0.0,0.0,4.36,19.4,1621031454452
0.0,0.0,4.36,19.4,1621031454689
0.0,0.0,4.36,19.4,1621031454694
0.0,0.0,4.36,19.4,1621031454699
0.0,0.0,4.36,19.4,1621031454735
0.0,0.0,4.36,19.4,1621031454803
35.162742614746094,139.61492919921875,4.36,19.4,1621031454803
0.0,0.0,4.36,19.4,1621031454999
0.0,0.0,4.36,19.4,1621031455006
0.0,0.0,4.36,19.4,1621031455014
0.0,0.0,4.36,19.4,1621031455153
0.0,0.0,4.36,19.4,1621031455223
0.0,0.0,4.36,19.4,1621031455293
0.0,0.0,4.36,19.4,1621031455365
0.0,0.0,4.36,19.4,1621031455434
0.0,0.0,4.36,19.4,1621031455502
0.0,0.0,4.36,19.4,1621031456151
0.0,0.0,4.36,19.4,1621031456157
0.0,0.0,4.36,19.4,1621031456167
0.0,0.0,4.37,19.4,1621031456173
0.0,0.0,4.37,19.4,1621031456179
0.0,0.0,4.37,19.4,1621031456184
0.0,0.0,4.37,19.4,1621031456187
0.0,0.0,4.37,19.4,1621031456192
0.0,0.0,4.37,19.4,1621031456198
0.0,0.0,4.37,19.4,1621031456205
0.0,0.0,4.37,19.4,1621031456272
0.0,0.0,4.381,19.4,1621031456342
0.0,0.0,4.381,19.4,1621031456412
0.0,0.0,4.381,19.4,1621031456499
0.0,0.0,4.381,19.4,1621031456552
0.0,0.0,4.381,19.4,1621031456694
0.0,0.0,4.381,19.4,1621031456762
35.162757873535156,139.6149139404297,4.381,19.4,1621031456762
0.0,0.0,4.381,19.4,1621031456968
0.0,0.0,4.381,19.4,1621031456971
0.0,0.0,4.381,19.4,1621031456977
0.0,0.0,4.381,19.4,1621031457043
0.0,0.0,4.381,19.4,1621031457250
0.0,0.0,4.381,19.4,1621031457254
0.0,0.0,4.381,19.4,1621031457258
0.0,0.0,4.381,19.4,1621031457322
0.0,0.0,4.381,19.4,1621031457530
0.0,0.0,4.391,19.4,1621031457533
0.0,0.0,4.391,19.4,1621031457537
0.0,0.0,4.391,19.4,1621031457603
0.0,0.0,4.402,19.4,1621031457831
0.0,0.0,4.402,19.4,1621031457834
0.0,0.0,4.412,19.4,1621031457843
0.0,0.0,4.412,19.4,1621031457884
0.0,0.0,4.412,19.4,1621031457956
0.0,0.0,4.412,19.4,1621031458125
0.0,0.0,4.412,19.4,1621031458128
0.0,0.0,4.412,19.4,1621031458165
0.0,0.0,4.412,19.4,1621031458234
0.0,0.0,4.412,19.4,1621031458412
0.0,0.0,4.412,19.4,1621031458415
0.0,0.0,4.402,19.4,1621031458445
0.0,0.0,4.412,19.4,1621031458512
0.0,0.0,4.412,19.4,1621031458713
0.0,0.0,4.412,19.4,1621031458716
0.0,0.0,4.412,19.4,1621031458724
0.0,0.0,4.412,19.4,1621031458794
35.16277313232422,139.61488342285156,4.412,19.4,1621031458794
0.0,0.0,4.412,19.4,1621031459024
0.0,0.0,4.412,19.4,1621031459029
0.0,0.0,4.412,19.4,1621031459033
0.0,0.0,4.412,19.4,1621031459073
0.0,0.0,4.422,19.4,1621031459144
0.0,0.0,4.433,19.4,1621031459330
0.0,0.0,4.433,19.4,1621031459344
0.0,0.0,4.433,19.4,1621031459353
0.0,0.0,4.433,19.4,1621031459422
0.0,0.0,4.433,19.4,1621031459640
0.0,0.0,4.433,19.4,1621031459646
0.0,0.0,4.433,19.4,1621031459653
0.0,0.0,4.433,19.4,1621031459703
0.0,0.0,4.433,19.4,1621031459942
0.0,0.0,4.443,19.4,1621031459947
0.0,0.0,4.433,19.4,1621031459953
0.0,0.0,4.433,19.4,1621031459983
0.0,0.0,4.433,19.4,1621031460060
0.0,0.0,4.433,19.4,1621031460123
0.0,0.0,4.433,19.4,1621031460192
0.0,0.0,4.433,19.4,1621031460262
0.0,0.0,4.433,19.4,1621031460336
0.0,0.0,4.433,19.4,1621031460402
35.16278839111328,139.6148681640625,4.433,19.4,1621031460402
0.0,0.0,4.433,19.4,1621031461066
0.0,0.0,4.433,19.4,1621031461075
0.0,0.0,4.433,19.4,1621031461081
0.0,0.0,4.433,19.4,1621031461096
0.0,0.0,4.433,19.4,1621031461100
0.0,0.0,4.433,19.4,1621031461104
0.0,0.0,4.433,19.4,1621031461110
0.0,0.0,4.433,19.4,1621031461120
0.0,0.0,4.433,19.4,1621031461172
0.0,0.0,4.433,19.4,1621031461316
0.0,0.0,4.433,19.4,1621031461385
0.0,0.0,4.433,19.4,1621031461524
0.0,0.0,4.433,19.4,1621031461592
0.0,0.0,4.433,19.4,1621031461663
0.0,0.0,4.422,19.4,1621031461732
0.0,0.0,4.422,19.4,1621031461973
0.0,0.0,4.422,19.4,1621031461981
0.0,0.0,4.412,19.4,1621031461986
0.0,0.0,4.412,19.4,1621031462013
0.0,0.0,4.412,19.4,1621031462082
0.0,0.0,4.412,19.4,1621031462261
0.0,0.0,4.422,19.4,1621031462265
0.0,0.0,4.422,19.4,1621031462293
0.0,0.0,4.422,19.4,1621031462362
0.0,0.0,4.433,19.4,1621031462552
0.0,0.0,4.433,19.4,1621031462557
0.0,0.0,4.433,19.4,1621031462573
0.0,0.0,4.443,19.4,1621031462643
0.0,0.0,4.443,19.4,1621031462850
0.0,0.0,4.443,19.4,1621031462853
0.0,0.0,4.454,19.4,1621031462863
35.16280746459961,139.61485290527344,4.454,19.4,1621031462863
0.0,0.0,4.464,19.4,1621031462928
0.0,0.0,4.464,19.4,1621031463157
0.0,0.0,4.464,19.4,1621031463162
0.0,0.0,4.475,19.4,1621031463173
0.0,0.0,4.485,19.4,1621031463204
0.0,0.0,4.475,19.4,1621031463272
0.0,0.0,4.475,19.4,1621031463448
0.0,0.0,4.475,19.4,1621031463453
0.0,0.0,4.485,19.4,1621031463482
0.0,0.0,4.485,19.4,1621031463553
0.0,0.0,4.485,19.4,1621031463749
0.0,0.0,4.485,19.4,1621031463754
0.0,0.0,4.495,19.4,1621031463764
0.0,0.0,4.495,19.4,1621031463832
0.0,0.0,4.506,19.4,1621031464062
0.0,0.0,4.506,19.4,1621031464066
0.0,0.0,4.516,19.4,1621031464077
0.0,0.0,4.527,19.4,1621031464116
0.0,0.0,4.537,19.4,1621031464368
0.0,0.0,4.537,19.4,1621031464372
0.0,0.0,4.537,19.4,1621031464376
0.0,0.0,4.537,19.4,1621031464462
0.0,0.0,4.527,19.4,1621031464669
0.0,0.0,4.537,19.4,1621031464673
0.0,0.0,4.537,19.4,1621031464680
0.0,0.0,4.527,19.4,1621031464741
35.16282272338867,139.61485290527344,4.527,19.4,1621031464741
0.0,0.0,4.527,19.4,1621031464983
0.0,0.0,4.527,19.4,1621031464987
0.0,0.0,4.527,19.4,1621031465000
0.0,0.0,4.527,19.4,1621031465023
0.0,0.0,4.527,19.4,1621031465093
0.0,0.0,4.527,19.4,1621031465163
0.0,0.0,4.516,19.4,1621031465233
0.0,0.0,4.527,19.4,1621031465302
0.0,0.0,4.527,19.4,1621031465372
0.0,0.0,4.516,19.4,1621031465442
0.0,0.0,4.516,19.4,1621031465512
0.0,0.0,4.527,19.4,1621031465606
0.0,0.0,4.527,19.4,1621031465652
0.0,0.0,4.527,19.4,1621031465725
0.0,0.0,4.527,19.4,1621031465792
0.0,0.0,4.527,19.4,1621031465862
0.0,0.0,4.537,19.4,1621031465936
0.0,0.0,4.537,19.4,1621031466002
0.0,0.0,4.537,19.4,1621031466075
0.0,0.0,4.537,19.4,1621031466698
0.0,0.0,4.537,19.4,1621031466701
0.0,0.0,4.537,19.4,1621031466704
0.0,0.0,4.537,19.4,1621031466711
0.0,0.0,4.527,19.4,1621031466714
0.0,0.0,4.527,19.4,1621031466719
0.0,0.0,4.527,19.4,1621031466722
0.0,0.0,4.527,19.4,1621031466725
0.0,0.0,4.527,19.4,1621031466730
0.0,0.0,4.527,19.4,1621031466772
35.162837982177734,139.61483764648438,4.527,19.4,1621031466772
0.0,0.0,4.537,19.4,1621031466972
0.0,0.0,4.537,19.4,1621031466975
0.0,0.0,4.537,19.4,1621031466984
0.0,0.0,4.547,19.4,1621031467054
0.0,0.0,4.547,19.4,1621031467253
0.0,0.0,4.547,19.4,1621031467261
0.0,0.0,4.547,19.4,1621031467283
0.0,0.0,4.537,19.4,1621031467332
0.0,0.0,4.547,19.4,1621031467525
0.0,0.0,4.537,19.4,1621031467531
0.0,0.0,4.547,19.4,1621031467572
0.0,0.0,4.547,19.4,1621031467612
0.0,0.0,4.547,19.4,1621031467824
0.0,0.0,4.547,19.4,1621031467830
0.0,0.0,4.547,19.4,1621031467848
0.0,0.0,4.547,19.4,1621031467893
0.0,0.0,4.547,19.4,1621031468129
0.0,0.0,4.547,19.4,1621031468137
0.0,0.0,4.547,19.4,1621031468143
0.0,0.0,4.547,19.4,1621031468176
0.0,0.0,4.547,19.4,1621031468241
0.0,0.0,4.547,19.4,1621031468427
0.0,0.0,4.547,19.4,1621031468454
0.0,0.0,4.547,19.4,1621031468522
0.0,0.0,4.547,19.4,1621031468728
0.0,0.0,4.547,19.4,1621031468733
0.0,0.0,4.558,19.4,1621031468737
0.0,0.0,4.558,19.4,1621031468802
35.16285705566406,139.61483764648438,4.558,19.4,1621031468802
0.0,0.0,4.558,19.4,1621031469034
0.0,0.0,4.558,19.4,1621031469038
0.0,0.0,4.568,19.4,1621031469046
0.0,0.0,4.568,19.4,1621031469083
0.0,0.0,4.568,19.4,1621031469340
0.0,0.0,4.568,19.4,1621031469344
0.0,0.0,4.568,19.4,1621031469349
0.0,0.0,4.568,19.4,1621031469369
0.0,0.0,4.568,19.4,1621031469644
0.0,0.0,4.568,19.4,1621031469649
0.0,0.0,4.568,19.4,1621031469656
0.0,0.0,4.568,19.4,1621031469714
0.0,0.0,4.568,19.4,1621031469953
0.0,0.0,4.568,19.4,1621031469965
0.0,0.0,4.558,19.4,1621031469978
0.0,0.0,4.558,19.4,1621031469994
0.0,0.0,4.558,19.4,1621031470064
0.0,0.0,4.568,19.4,1621031470136
0.0,0.0,4.568,19.4,1621031470204
0.0,0.0,4.568,19.4,1621031470276
0.0,0.0,4.568,19.4,1621031470344
0.0,0.0,4.579,19.4,1621031470413
0.0,0.0,4.579,19.4,1621031470484
0.0,0.0,4.579,19.4,1621031470553
0.0,0.0,4.579,19.4,1621031470623
0.0,0.0,4.579,19.4,1621031470692
0.0,0.0,4.579,19.4,1621031470766
0.0,0.0,4.579,19.4,1621031470832
35.16287612915039,139.6148223876953,4.579,19.4,1621031470832
0.0,0.0,4.579,19.4,1621031470925
0.0,0.0,4.579,19.4,1621031470972
0.0,0.0,4.568,19.4,1621031471041
0.0,0.0,4.568,19.4,1621031471615
0.0,0.0,4.568,19.4,1621031471619
0.0,0.0,4.568,19.4,1621031471628
0.0,0.0,4.558,19.4,1621031471634
0.0,0.0,4.558,19.4,1621031471640
0.0,0.0,4.558,19.4,1621031471645
0.0,0.0,4.558,19.4,1621031471650
0.0,0.0,4.568,19.4,1621031471672
0.0,0.0,4.568,19.4,1621031471742
0.0,0.0,4.568,19.4,1621031472007
0.0,0.0,4.568,19.4,1621031472025
0.0,0.0,4.568,19.4,1621031472096
0.0,0.0,4.568,19.4,1621031472272
0.0,0.0,4.568,19.4,1621031472276
0.0,0.0,4.568,19.4,1621031472306
0.0,0.0,4.568,19.4,1621031472374
0.0,0.0,4.568,19.4,1621031472562
0.0,0.0,4.568,19.4,1621031472565
0.0,0.0,4.568,19.4,1621031472589
0.0,0.0,4.558,19.4,1621031472866
35.16289520263672,139.61480712890625,4.558,19.4,1621031472866
0.0,0.0,4.558,19.4,1621031472981
0.0,0.0,4.547,19.4,1621031473162
0.0,0.0,4.547,19.4,1621031473173
0.0,0.0,4.547,19.4,1621031473177
0.0,0.0,4.547,19.4,1621031473213
0.0,0.0,4.547,19.4,1621031473456
0.0,0.0,4.547,19.4,1621031473461
0.0,0.0,4.547,19.4,1621031473493
0.0,0.0,4.547,19.4,1621031473562
0.0,0.0,4.547,19.4,1621031473754
0.0,0.0,4.558,19.4,1621031473761
0.0,0.0,4.558,19.4,1621031473773
0.0,0.0,4.568,19.4,1621031473842
0.0,0.0,4.568,19.4,1621031474064
0.0,0.0,4.568,19.4,1621031474070
0.0,0.0,4.579,19.4,1621031474074
0.0,0.0,4.579,19.4,1621031474125
0.0,0.0,4.579,19.4,1621031474370
0.0,0.0,4.579,19.4,1621031474374
0.0,0.0,4.579,19.4,1621031474380
0.0,0.0,4.579,19.4,1621031474404
0.0,0.0,4.589,19.4,1621031474476
0.0,0.0,4.589,19.4,1621031474671
0.0,0.0,4.589,19.4,1621031474675
0.0,0.0,4.589,19.4,1621031474686
0.0,0.0,4.599,19.4,1621031474752
35.16291427612305,139.6147918701172,4.599,19.4,1621031474752
0.0,0.0,4.61,19.4,1621031474979
0.0,0.0,4.61,19.4,1621031474983
0.0,0.0,4.62,19.4,1621031474990
0.0,0.0,4.631,19.4,1621031475102
0.0,0.0,4.641,19.4,1621031475243
0.0,0.0,4.641,19.4,1621031475311
0.0,0.0,4.641,19.4,1621031475382
0.0,0.0,4.651,19.4,1621031475452
0.0,0.0,4.651,19.4,1621031475522
0.0,0.0,4.651,19.4,1621031475592
0.0,0.0,4.651,19.4,1621031475673
0.0,0.0,4.641,19.4,1621031475732
0.0,0.0,4.641,19.4,1621031475802
0.0,0.0,4.641,19.4,1621031475875
0.0,0.0,4.641,19.4,1621031475942
0.0,0.0,4.641,19.4,1621031476014
0.0,0.0,4.641,19.4,1621031476082
0.0,0.0,4.641,19.4,1621031476630
0.0,0.0,4.641,19.4,1621031476633
0.0,0.0,4.641,19.4,1621031476638
0.0,0.0,4.641,19.4,1621031476652
0.0,0.0,4.641,19.4,1621031476655
0.0,0.0,4.651,19.4,1621031476661
0.0,0.0,4.651,19.4,1621031476668
0.0,0.0,4.651,19.4,1621031476677
0.0,0.0,4.651,19.4,1621031476712
0.0,0.0,4.651,19.4,1621031476782
35.16292953491211,139.61477661132812,4.651,19.4,1621031476782
0.0,0.0,4.651,19.4,1621031476986
0.0,0.0,4.651,19.4,1621031476994
0.0,0.0,4.651,19.4,1621031476997
0.0,0.0,4.651,19.4,1621031477062
0.0,0.0,4.651,19.4,1621031477342
0.0,0.0,4.641,19.4,1621031477578
0.0,0.0,4.641,19.4,1621031477581
0.0,0.0,4.631,19.4,1621031477600
0.0,0.0,4.631,19.4,1621031477623
0.0,0.0,4.62,19.4,1621031477693
0.0,0.0,4.62,19.4,1621031477881
0.0,0.0,4.62,19.4,1621031477885
0.0,0.0,4.62,19.4,1621031477903
0.0,0.0,4.631,19.4,1621031477972
0.0,0.0,4.631,19.4,1621031478189
0.0,0.0,4.631,19.4,1621031478193
0.0,0.0,4.631,19.4,1621031478201
0.0,0.0,4.641,19.4,1621031478252
0.0,0.0,4.641,19.4,1621031478485
0.0,0.0,4.641,19.4,1621031478488
0.0,0.0,4.651,19.4,1621031478492
0.0,0.0,4.651,19.4,1621031478533
0.0,0.0,4.651,19.4,1621031478601
0.0,0.0,4.651,19.4,1621031478788
0.0,0.0,4.651,19.4,1621031478791
0.0,0.0,4.651,19.4,1621031478813
0.0,0.0,4.651,19.4,1621031478888
35.16294479370117,139.61474609375,4.651,19.4,1621031478888
0.0,0.0,4.651,19.4,1621031479101
0.0,0.0,4.651,19.4,1621031479105
0.0,0.0,4.651,19.4,1621031479111
0.0,0.0,4.641,19.4,1621031479406
0.0,0.0,4.651,19.4,1621031479409
0.0,0.0,4.641,19.4,1621031479414
0.0,0.0,4.651,19.4,1621031479443
0.0,0.0,4.651,19.4,1621031479512
0.0,0.0,4.651,19.4,1621031479710
0.0,0.0,4.651,19.4,1621031479714
0.0,0.0,4.651,19.4,1621031479724
0.0,0.0,4.662,19.4,1621031479794
0.0,0.0,4.662,19.4,1621031480018
0.0,0.0,4.662,19.4,1621031480028
0.0,0.0,4.662,19.4,1621031480035
0.0,0.0,4.662,19.4,1621031480075
0.0,0.0,4.662,19.4,1621031480144
0.0,0.0,4.662,19.4,1621031480214
0.0,0.0,4.662,19.4,1621031480284
0.0,0.0,4.662,19.4,1621031480356
0.0,0.0,4.662,19.4,1621031480495
0.0,0.0,4.662,19.4,1621031480566
0.0,0.0,4.651,19.4,1621031480633
0.0,0.0,4.651,19.4,1621031480702
0.0,0.0,4.651,19.4,1621031480772
0.0,0.0,4.651,19.4,1621031480842
35.16295623779297,139.61473083496094,4.651,19.4,1621031480842
0.0,0.0,4.641,19.4,1621031480925
0.0,0.0,4.641,19.4,1621031480981
0.0,0.0,4.641,19.4,1621031481052
0.0,0.0,4.641,19.4,1621031481650
0.0,0.0,4.641,19.4,1621031481656
0.0,0.0,4.641,19.4,1621031481662
0.0,0.0,4.641,19.4,1621031481667
0.0,0.0,4.641,19.4,1621031481671
0.0,0.0,4.641,19.4,1621031481674
0.0,0.0,4.641,19.4,1621031481679
0.0,0.0,4.641,19.4,1621031481683
0.0,0.0,4.641,19.4,1621031481691
0.0,0.0,4.641,19.4,1621031481752
0.0,0.0,4.651,19.4,1621031481824
0.0,0.0,4.651,19.4,1621031482005
0.0,0.0,4.641,19.4,1621031482009
0.0,0.0,4.641,19.4,1621031482034
0.0,0.0,4.651,19.4,1621031482103
0.0,0.0,4.651,19.4,1621031482287
0.0,0.0,4.651,19.4,1621031482290
0.0,0.0,4.662,19.4,1621031482312
0.0,0.0,4.662,19.4,1621031482384
0.0,0.0,4.672,19.4,1621031482576
0.0,0.0,4.672,19.4,1621031482584
0.0,0.0,4.683,19.4,1621031482598
0.0,0.0,4.683,19.4,1621031482663
0.0,0.0,4.693,19.4,1621031482881
0.0,0.0,4.693,19.4,1621031482885
35.1629638671875,139.6147003173828,4.693,19.4,1621031482885
0.0,0.0,4.703,19.4,1621031482891
0.0,0.0,4.714,19.4,1621031482944
0.0,0.0,4.714,19.4,1621031483179
0.0,0.0,4.714,19.4,1621031483184
0.0,0.0,4.724,19.4,1621031483193
0.0,0.0,4.724,19.4,1621031483226
0.0,0.0,4.724,19.4,1621031483294
0.0,0.0,4.735,19.4,1621031483477
0.0,0.0,4.735,19.4,1621031483481
0.0,0.0,4.735,19.4,1621031483574
0.0,0.0,4.735,19.4,1621031483782
0.0,0.0,4.745,19.4,1621031483788
0.0,0.0,4.745,19.4,1621031483792
0.0,0.0,4.745,19.4,1621031483854
0.0,0.0,4.745,19.4,1621031484092
0.0,0.0,4.745,19.4,1621031484101
0.0,0.0,4.745,19.4,1621031484106
0.0,0.0,4.745,19.4,1621031484138
0.0,0.0,4.745,19.4,1621031484206
0.0,0.0,4.745,19.4,1621031484398
0.0,0.0,4.745,19.4,1621031484402
0.0,0.0,4.735,19.4,1621031484414
0.0,0.0,4.735,19.4,1621031484484
0.0,0.0,4.735,19.4,1621031484700
0.0,0.0,4.735,19.4,1621031484706
0.0,0.0,4.724,19.4,1621031484717
0.0,0.0,4.724,19.4,1621031484764
35.1629753112793,139.61468505859375,4.724,19.4,1621031484764
0.0,0.0,4.724,19.4,1621031485012
0.0,0.0,4.714,19.4,1621031485016
0.0,0.0,4.714,19.4,1621031485021
0.0,0.0,4.714,19.4,1621031485046
0.0,0.0,4.703,19.4,1621031485115
0.0,0.0,4.703,19.4,1621031485189
0.0,0.0,4.693,19.4,1621031485254
0.0,0.0,4.693,19.4,1621031485324
0.0,0.0,4.693,19.4,1621031485393
0.0,0.0,4.693,19.4,1621031485534
0.0,0.0,4.693,19.4,1621031485604
0.0,0.0,4.693,19.4,1621031485674
0.0,0.0,4.693,19.4,1621031485744
0.0,0.0,4.693,19.4,1621031485814
0.0,0.0,4.693,19.4,1621031485884
0.0,0.0,4.693,19.4,1621031485954
0.0,0.0,4.693,19.4,1621031486024
0.0,0.0,4.683,19.4,1621031486095
0.0,0.0,4.693,19.4,1621031486603
0.0,0.0,4.693,19.4,1621031486609
0.0,0.0,4.693,19.4,1621031486616
0.0,0.0,4.693,19.4,1621031486624
0.0,0.0,4.693,19.4,1621031486626
0.0,0.0,4.703,19.4,1621031486630
0.0,0.0,4.693,19.4,1621031486635
0.0,0.0,4.703,19.4,1621031486660
0.0,0.0,4.703,19.4,1621031486725
0.0,0.0,4.703,19.4,1621031486795
0.0,0.0,4.714,19.4,1621031486866
35.162986755371094,139.6146697998047,4.714,19.4,1621031486866
0.0,0.0,4.714,19.4,1621031487063
0.0,0.0,4.714,19.4,1621031487069
0.0,0.0,4.724,19.4,1621031487076
0.0,0.0,4.724,19.4,1621031487145
0.0,0.0,4.724,19.4,1621031487368
0.0,0.0,4.735,19.4,1621031487372
0.0,0.0,4.735,19.4,1621031487425
0.0,0.0,4.745,19.4,1621031487644
0.0,0.0,4.745,19.4,1621031487648
0.0,0.0,4.756,19.4,1621031487652
0.0,0.0,4.756,19.4,1621031487708
0.0,0.0,4.756,19.4,1621031487949
0.0,0.0,4.756,19.4,1621031487956
0.0,0.0,4.766,19.4,1621031487963
0.0,0.0,4.766,19.4,1621031487986
0.0,0.0,4.766,19.4,1621031488057
0.0,0.0,4.766,19.4,1621031488236
0.0,0.0,4.776,19.4,1621031488241
0.0,0.0,4.776,19.4,1621031488265
0.0,0.0,4.776,19.4,1621031488338
0.0,0.0,4.776,19.4,1621031488536
0.0,0.0,4.776,19.4,1621031488539
0.0,0.0,4.787,19.4,1621031488547
0.0,0.0,4.787,19.4,1621031488614
0.0,0.0,4.787,19.4,1621031488840
0.0,0.0,4.787,19.4,1621031488846
0.0,0.0,4.787,19.4,1621031488854
35.16299819946289,139.61463928222656,4.787,19.4,1621031488854
0.0,0.0,4.797,19.4,1621031489150
0.0,0.0,4.787,19.4,1621031489156
0.0,0.0,4.787,19.4,1621031489161
0.0,0.0,4.787,19.4,1621031489176
0.0,0.0,4.787,19.4,1621031489245
0.0,0.0,4.787,19.4,1621031489458
0.0,0.0,4.787,19.4,1621031489463
0.0,0.0,4.776,19.4,1621031489470
0.0,0.0,4.776,19.4,1621031489526
0.0,0.0,4.776,19.4,1621031489764
0.0,0.0,4.776,19.4,1621031489772
0.0,0.0,4.776,19.4,1621031489779
0.0,0.0,4.776,19.4,1621031489807
0.0,0.0,4.766,19.4,1621031489876
0.0,0.0,4.766,19.4,1621031490072
0.0,0.0,4.766,19.4,1621031490081
0.0,0.0,4.766,19.4,1621031490096
0.0,0.0,4.766,19.4,1621031490156
0.0,0.0,4.766,19.4,1621031490226
0.0,0.0,4.766,19.4,1621031490297
0.0,0.0,4.766,19.4,1621031490364
0.0,0.0,4.766,19.4,1621031490434
0.0,0.0,4.766,19.4,1621031490507
0.0,0.0,4.766,19.4,1621031490575
0.0,0.0,4.756,19.4,1621031490644
0.0,0.0,4.756,19.4,1621031490715
0.0,0.0,4.756,19.4,1621031490785
0.0,0.0,4.756,19.4,1621031490854
35.16300964355469,139.6146240234375,4.756,19.4,1621031490854
0.0,0.0,4.756,19.4,1621031490934
0.0,0.0,4.756,19.4,1621031490994
0.0,0.0,4.745,19.4,1621031491065
0.0,0.0,4.745,19.4,1621031491207
0.0,0.0,4.745,19.4,1621031491276
0.0,0.0,4.756,19.4,1621031491345
0.0,0.0,4.756,19.4,1621031491415
0.0,0.0,4.756,19.4,1621031491485
0.0,0.0,4.756,19.4,1621031491555
0.0,0.0,4.756,19.4,1621031491626
0.0,0.0,4.756,19.4,1621031491696
0.0,0.0,4.756,19.4,1621031491766
0.0,0.0,4.745,19.4,1621031491835
0.0,0.0,4.745,19.4,1621031492375
0.0,0.0,4.745,19.4,1621031492380
0.0,0.0,4.745,19.4,1621031492389
0.0,0.0,4.756,19.4,1621031492395
0.0,0.0,4.756,19.4,1621031492405
0.0,0.0,4.756,19.4,1621031492411
0.0,0.0,4.756,19.4,1621031492418
0.0,0.0,4.756,19.4,1621031492424
0.0,0.0,4.756,19.4,1621031492591
0.0,0.0,4.756,19.4,1621031492595
0.0,0.0,4.756,19.4,1621031492606
0.0,0.0,4.756,19.4,1621031492674
35.163021087646484,139.61460876464844,4.756,19.4,1621031492674
0.0,0.0,4.756,19.4,1621031492902
0.0,0.0,4.756,19.4,1621031492925
0.0,0.0,4.756,19.4,1621031492931
0.0,0.0,4.756,19.4,1621031492955
0.0,0.0,4.756,19.4,1621031493189
0.0,0.0,4.756,19.4,1621031493193
0.0,0.0,4.745,19.4,1621031493198
0.0,0.0,4.745,19.4,1621031493239
0.0,0.0,4.756,19.4,1621031493305
0.0,0.0,4.745,19.4,1621031493486
0.0,0.0,4.745,19.4,1621031493491
0.0,0.0,4.756,19.4,1621031493516
0.0,0.0,4.756,19.4,1621031493585
0.0,0.0,4.756,19.4,1621031493787
0.0,0.0,4.756,19.4,1621031493791
0.0,0.0,4.756,19.4,1621031493796
0.0,0.0,4.756,19.4,1621031493865
0.0,0.0,4.756,19.4,1621031494107
0.0,0.0,4.766,19.4,1621031494114
0.0,0.0,4.766,19.4,1621031494120
0.0,0.0,4.776,19.4,1621031494150
0.0,0.0,4.776,19.4,1621031494215
0.0,0.0,4.776,19.4,1621031494405
0.0,0.0,4.776,19.4,1621031494408
0.0,0.0,4.776,19.4,1621031494425
0.0,0.0,4.776,19.4,1621031494494
0.0,0.0,4.787,19.4,1621031494707
0.0,0.0,4.787,19.4,1621031494712
0.0,0.0,4.787,19.4,1621031494717
0.0,0.0,4.787,19.4,1621031494774
35.16303253173828,139.6145782470703,4.787,19.4,1621031494774
0.0,0.0,4.787,19.4,1621031495022
0.0,0.0,4.787,19.4,1621031495026
0.0,0.0,4.787,19.4,1621031495033
0.0,0.0,4.776,19.4,1621031495056
0.0,0.0,4.776,19.4,1621031495125
0.0,0.0,4.776,19.4,1621031495195
0.0,0.0,4.787,19.4,1621031495265
0.0,0.0,4.787,19.4,1621031495336
0.0,0.0,4.787,19.4,1621031495409
0.0,0.0,4.787,19.4,1621031495476
0.0,0.0,4.787,19.4,1621031495545
0.0,0.0,4.787,19.4,1621031495615
0.0,0.0,4.787,19.4,1621031495685
0.0,0.0,4.787,19.4,1621031495756
0.0,0.0,4.787,19.4,1621031495825
0.0,0.0,4.787,19.4,1621031495894
0.0,0.0,4.787,19.4,1621031495966
0.0,0.0,4.787,19.4,1621031496035
0.0,0.0,4.787,19.4,1621031496108
0.0,0.0,4.787,19.4,1621031496175
0.0,0.0,4.787,19.4,1621031496387
0.0,0.0,4.776,19.4,1621031496664
0.0,0.0,4.776,19.4,1621031496734
0.0,0.0,4.776,19.4,1621031496804
35.16304397583008,139.6145477294922,4.776,19.4,1621031496804
0.0,0.0,4.776,19.4,1621031497375
0.0,0.0,4.776,19.4,1621031497379
0.0,0.0,4.787,19.4,1621031497382
0.0,0.0,4.787,19.4,1621031497390
0.0,0.0,4.766,19.4,1621031497394
0.0,0.0,4.766,19.4,1621031497397
0.0,0.0,4.766,19.4,1621031497401
0.0,0.0,4.766,19.4,1621031497404
0.0,0.0,4.766,19.4,1621031497435
0.0,0.0,4.766,19.4,1621031497621
0.0,0.0,4.766,19.4,1621031497626
0.0,0.0,4.766,19.4,1621031497646
0.0,0.0,4.776,19.4,1621031497716
0.0,0.0,4.776,19.4,1621031497913
0.0,0.0,4.766,19.4,1621031497917
0.0,0.0,4.766,19.4,1621031497929
0.0,0.0,4.766,19.4,1621031497995
0.0,0.0,4.766,19.4,1621031498213
0.0,0.0,4.776,19.4,1621031498224
0.0,0.0,4.766,19.4,1621031498228
0.0,0.0,4.766,19.4,1621031498276
0.0,0.0,4.766,19.4,1621031498520
0.0,0.0,4.766,19.4,1621031498533
0.0,0.0,4.766,19.4,1621031498552
0.0,0.0,4.756,19.4,1621031498560
0.0,0.0,4.756,19.4,1621031498626
35.16305160522461,139.61451721191406,4.756,19.4,1621031498626
0.0,0.0,4.766,19.4,1621031499813
0.0,0.0,4.766,19.4,1621031499827
0.0,0.0,4.766,19.4,1621031499862
0.0,0.0,4.766,19.4,1621031499884
0.0,0.0,4.766,19.4,1621031499896
0.0,0.0,4.766,19.4,1621031499902
0.0,0.0,4.766,19.4,1621031499911
0.0,0.0,4.766,19.4,1621031499916
0.0,0.0,4.766,19.4,1621031499920
0.0,0.0,4.766,19.4,1621031499928
0.0,0.0,4.776,19.4,1621031499932
0.0,0.0,4.776,19.4,1621031499935
0.0,0.0,4.766,19.4,1621031499940
0.0,0.0,4.766,19.4,1621031499944
0.0,0.0,4.776,19.4,1621031499952
0.0,0.0,4.766,19.4,1621031499956
0.0,0.0,4.776,19.4,1621031499960
0.0,0.0,4.776,19.4,1621031500045
0.0,0.0,4.766,19.4,1621031500056
0.0,0.0,4.766,19.4,1621031500062
0.0,0.0,4.766,19.4,1621031500097
0.0,0.0,4.766,19.4,1621031500165
0.0,0.0,4.766,19.4,1621031500238
0.0,0.0,4.766,19.4,1621031500308
0.0,0.0,4.766,19.4,1621031500376
0.0,0.0,4.766,19.4,1621031500445
0.0,0.0,4.766,19.4,1621031500515
0.0,0.0,4.766,19.4,1621031500586
0.0,0.0,4.766,19.4,1621031500660
0.0,0.0,4.766,19.4,1621031500725
0.0,0.0,4.766,19.4,1621031500796
0.0,0.0,4.766,19.4,1621031500865
35.16305923461914,139.614501953125,4.766,19.4,1621031500865
0.0,0.0,4.766,19.4,1621031500936
0.0,0.0,4.766,19.4,1621031501007
0.0,0.0,4.756,19.4,1621031501078
0.0,0.0,4.756,19.4,1621031501146
0.0,0.0,4.756,19.4,1621031501216
0.0,0.0,4.756,19.4,1621031501285
0.0,0.0,4.756,19.4,1621031501357
0.0,0.0,4.756,19.4,1621031501499
0.0,0.0,4.745,19.4,1621031501568
0.0,0.0,4.745,19.4,1621031501637
0.0,0.0,4.745,19.4,1621031501706
0.0,0.0,4.745,19.4,1621031501776
0.0,0.0,4.745,19.4,1621031501846
0.0,0.0,4.745,19.4,1621031502373
0.0,0.0,4.745,19.4,1621031502378
0.0,0.0,4.745,19.4,1621031502381
0.0,0.0,4.745,19.4,1621031502390
0.0,0.0,4.745,19.4,1621031502394
0.0,0.0,4.756,19.4,1621031502401
0.0,0.0,4.756,19.4,1621031502405
0.0,0.0,4.756,19.4,1621031502411
0.0,0.0,4.756,19.4,1621031502612
0.0,0.0,4.756,19.4,1621031502617
0.0,0.0,4.756,19.4,1621031502623
0.0,0.0,4.756,19.4,1621031502688
35.16306686401367,139.61447143554688,4.756,19.4,1621031502688
0.0,0.0,4.756,19.4,1621031502922
0.0,0.0,4.756,19.4,1621031502928
0.0,0.0,4.756,19.4,1621031502933
0.0,0.0,4.756,19.4,1621031502969
0.0,0.0,4.756,19.4,1621031503035
0.0,0.0,4.766,19.4,1621031503214
0.0,0.0,4.756,19.4,1621031503221
0.0,0.0,4.756,19.4,1621031503246
0.0,0.0,4.756,19.4,1621031503315
0.0,0.0,4.745,19.4,1621031503496
0.0,0.0,4.756,19.4,1621031503500
0.0,0.0,4.756,19.4,1621031503527
0.0,0.0,4.745,19.4,1621031503599
0.0,0.0,4.745,19.4,1621031503799
0.0,0.0,4.745,19.4,1621031503803
0.0,0.0,4.756,19.4,1621031503817
0.0,0.0,4.756,19.4,1621031503878
0.0,0.0,4.756,19.4,1621031504111
0.0,0.0,4.756,19.4,1621031504118
0.0,0.0,4.756,19.4,1621031504128
0.0,0.0,4.756,19.4,1621031504157
0.0,0.0,4.745,19.4,1621031504226
0.0,0.0,4.756,19.4,1621031504416
0.0,0.0,4.756,19.4,1621031504422
0.0,0.0,4.756,19.4,1621031504437
0.0,0.0,4.756,19.4,1621031504505
0.0,0.0,4.745,19.4,1621031504721
0.0,0.0,4.745,19.4,1621031504726
0.0,0.0,4.745,19.4,1621031504731
0.0,0.0,4.745,19.4,1621031504787
35.16307067871094,139.61444091796875,4.745,19.4,1621031504787
0.0,0.0,4.745,19.4,1621031505026
0.0,0.0,4.735,19.4,1621031505044
0.0,0.0,4.735,19.4,1621031505050
0.0,0.0,4.735,19.4,1621031505068
0.0,0.0,4.735,19.4,1621031505139
0.0,0.0,4.735,19.4,1621031505206
0.0,0.0,4.735,19.4,1621031505314
0.0,0.0,4.724,19.4,1621031505355
0.0,0.0,4.735,19.4,1621031505415
0.0,0.0,4.735,19.4,1621031505486
0.0,0.0,4.735,19.4,1621031505556
0.0,0.0,4.745,19.4,1621031505626
0.0,0.0,4.745,19.4,1621031505696
0.0,0.0,4.735,19.4,1621031505766
0.0,0.0,4.735,19.4,1621031505837
0.0,0.0,4.735,19.4,1621031505914
0.0,0.0,4.735,19.4,1621031505975
0.0,0.0,4.735,19.4,1621031506045
0.0,0.0,4.735,19.4,1621031506116
0.0,0.0,4.735,19.4,1621031506186
0.0,0.0,4.724,19.4,1621031506256
0.0,0.0,4.724,19.4,1621031506325
0.0,0.0,4.735,19.4,1621031506395
0.0,0.0,4.735,19.4,1621031506467
0.0,0.0,4.735,19.4,1621031506538
0.0,0.0,4.735,19.4,1621031506606
0.0,0.0,4.735,19.4,1621031506675
0.0,0.0,4.745,19.4,1621031506751
0.0,0.0,4.756,19.4,1621031506818
35.16307830810547,139.61441040039062,4.756,19.4,1621031506818
0.0,0.0,4.756,19.4,1621031507386
0.0,0.0,4.756,19.4,1621031507392
0.0,0.0,4.766,19.4,1621031507397
0.0,0.0,4.766,19.4,1621031507403
0.0,0.0,4.766,19.4,1621031507407
0.0,0.0,4.766,19.4,1621031507420
0.0,0.0,4.766,19.4,1621031507429
0.0,0.0,4.766,19.4,1621031507445
0.0,0.0,4.766,19.4,1621031507449
0.0,0.0,4.766,19.4,1621031507645
0.0,0.0,4.766,19.4,1621031507650
0.0,0.0,4.766,19.4,1621031507663
0.0,0.0,4.766,19.4,1621031507725
0.0,0.0,4.756,19.4,1621031507948
0.0,0.0,4.756,19.4,1621031507955
0.0,0.0,4.756,19.4,1621031507959
0.0,0.0,4.756,19.4,1621031508009
0.0,0.0,4.756,19.4,1621031508247
0.0,0.0,4.756,19.4,1621031508251
0.0,0.0,4.756,19.4,1621031508257
0.0,0.0,4.756,19.4,1621031508288
0.0,0.0,4.766,19.4,1621031508356
0.0,0.0,4.756,19.4,1621031508541
0.0,0.0,4.766,19.4,1621031508545
0.0,0.0,4.766,19.4,1621031508566
0.0,0.0,4.766,19.4,1621031508635
0.0,0.0,4.756,19.4,1621031508839
0.0,0.0,4.756,19.4,1621031508843
0.0,0.0,4.756,19.4,1621031508849
35.163082122802734,139.61439514160156,4.756,19.4,1621031508849
0.0,0.0,4.745,19.4,1621031508920
0.0,0.0,4.735,19.4,1621031509147
0.0,0.0,4.724,19.4,1621031509150
0.0,0.0,4.724,19.4,1621031509154
0.0,0.0,4.724,19.4,1621031509197
0.0,0.0,4.714,19.4,1621031509456
0.0,0.0,4.714,19.4,1621031509463
0.0,0.0,4.714,19.4,1621031509477
0.0,0.0,4.714,19.4,1621031509545
0.0,0.0,4.714,19.4,1621031509753
0.0,0.0,4.703,19.4,1621031509760
0.0,0.0,4.714,19.4,1621031509764
0.0,0.0,4.714,19.4,1621031509833
0.0,0.0,4.703,19.4,1621031510063
0.0,0.0,4.714,19.4,1621031510069
0.0,0.0,4.714,19.4,1621031510090
0.0,0.0,4.714,19.4,1621031510107
0.0,0.0,4.714,19.4,1621031510175
0.0,0.0,4.714,19.4,1621031510245
0.0,0.0,4.714,19.4,1621031510319
0.0,0.0,4.714,19.4,1621031510456
0.0,0.0,4.714,19.4,1621031510527
0.0,0.0,4.714,19.4,1621031510597
0.0,0.0,4.703,19.4,1621031510665
0.0,0.0,4.703,19.4,1621031510735
0.0,0.0,4.693,19.4,1621031510805
0.0,0.0,4.693,19.4,1621031510875
35.163089752197266,139.61436462402344,4.693,19.4,1621031510875
0.0,0.0,4.693,19.4,1621031510946
0.0,0.0,4.693,19.4,1621031511017
0.0,0.0,4.693,19.4,1621031511086
0.0,0.0,4.693,19.4,1621031511156
0.0,0.0,4.693,19.4,1621031511234
0.0,0.0,4.703,19.4,1621031511296
0.0,0.0,4.703,19.4,1621031511366
0.0,0.0,4.714,19.4,1621031511438
0.0,0.0,4.714,19.4,1621031511508
0.0,0.0,4.714,19.4,1621031511576
0.0,0.0,4.714,19.4,1621031511647
0.0,0.0,4.724,19.4,1621031511716
0.0,0.0,4.714,19.4,1621031511786
0.0,0.0,4.714,19.4,1621031511859
0.0,0.0,4.724,19.4,1621031512427
0.0,0.0,4.724,19.4,1621031512435
0.0,0.0,4.724,19.4,1621031512439
0.0,0.0,4.724,19.4,1621031512444
0.0,0.0,4.724,19.4,1621031512448
0.0,0.0,4.724,19.4,1621031512452
0.0,0.0,4.724,19.4,1621031512458
0.0,0.0,4.724,19.4,1621031512461
0.0,0.0,4.724,19.4,1621031512486
0.0,0.0,4.724,19.4,1621031512729
0.0,0.0,4.735,19.4,1621031512735
0.0,0.0,4.735,19.4,1621031512742
0.0,0.0,4.735,19.4,1621031512768
0.0,0.0,4.745,19.4,1621031512835
35.1630973815918,139.6143341064453,4.745,19.4,1621031512835
0.0,0.0,4.745,19.4,1621031513028
0.0,0.0,4.745,19.4,1621031513033
0.0,0.0,4.756,19.4,1621031513057
0.0,0.0,4.756,19.4,1621031513116
0.0,0.0,4.756,19.4,1621031513335
0.0,0.0,4.756,19.4,1621031513339
0.0,0.0,4.756,19.4,1621031513348
0.0,0.0,4.756,19.4,1621031513396
0.0,0.0,4.756,19.4,1621031513627
0.0,0.0,4.745,19.4,1621031513634
0.0,0.0,4.745,19.4,1621031513639
0.0,0.0,4.745,19.4,1621031513677
0.0,0.0,4.745,19.4,1621031513937
0.0,0.0,4.745,19.4,1621031513942
0.0,0.0,4.745,19.4,1621031513945
0.0,0.0,4.745,19.4,1621031513957
0.0,0.0,4.745,19.4,1621031514027
0.0,0.0,4.756,19.4,1621031514254
0.0,0.0,4.745,19.4,1621031514258
0.0,0.0,4.745,19.4,1621031514277
0.0,0.0,4.745,19.4,1621031514309
0.0,0.0,4.745,19.4,1621031514547
0.0,0.0,4.756,19.4,1621031514554
0.0,0.0,4.756,19.4,1621031514556
0.0,0.0,4.756,19.4,1621031514587
0.0,0.0,4.766,19.4,1621031514655
0.0,0.0,4.766,19.4,1621031514850
0.0,0.0,4.766,19.4,1621031514853
0.0,0.0,4.766,19.4,1621031514866
35.163108825683594,139.61431884765625,4.766,19.4,1621031514866
0.0,0.0,4.766,19.4,1621031514943
0.0,0.0,4.776,19.4,1621031515157
0.0,0.0,4.776,19.4,1621031515165
0.0,0.0,4.776,19.4,1621031515173
0.0,0.0,4.776,19.4,1621031515219
0.0,0.0,4.776,19.4,1621031515286
0.0,0.0,4.776,19.4,1621031515357
0.0,0.0,4.776,19.4,1621031515426
0.0,0.0,4.776,19.4,1621031515497
0.0,0.0,4.776,19.4,1621031515568
0.0,0.0,4.776,19.4,1621031515635
0.0,0.0,4.787,19.4,1621031515708
0.0,0.0,4.787,19.4,1621031515776
0.0,0.0,4.787,19.4,1621031515847
0.0,0.0,4.787,19.4,1621031515915
0.0,0.0,4.787,19.4,1621031515985
0.0,0.0,4.787,19.4,1621031516056
0.0,0.0,4.797,19.4,1621031516126
0.0,0.0,4.797,19.4,1621031516195
0.0,0.0,4.797,19.4,1621031516266
0.0,0.0,4.797,19.4,1621031516337
0.0,0.0,4.797,19.4,1621031516405
0.0,0.0,4.797,19.4,1621031516476
0.0,0.0,4.808,19.4,1621031516545
0.0,0.0,4.808,19.4,1621031516618
0.0,0.0,4.808,19.4,1621031516689
0.0,0.0,4.808,19.4,1621031516757
0.0,0.0,4.797,19.4,1621031516828
35.163124084472656,139.61428833007812,4.797,19.4,1621031516828
0.0,0.0,4.797,19.4,1621031517422
0.0,0.0,4.808,19.4,1621031517427
0.0,0.0,4.808,19.4,1621031517433
0.0,0.0,4.808,19.4,1621031517440
0.0,0.0,4.808,19.4,1621031517445
0.0,0.0,4.808,19.4,1621031517449
0.0,0.0,4.808,19.4,1621031517452
0.0,0.0,4.808,19.4,1621031517457
0.0,0.0,4.818,19.4,1621031517462
0.0,0.0,4.818,19.4,1621031517526
0.0,0.0,4.818,19.4,1621031517704
0.0,0.0,4.818,19.4,1621031517707
0.0,0.0,4.828,19.4,1621031517736
0.0,0.0,4.828,19.4,1621031517807
0.0,0.0,4.828,19.4,1621031518006
0.0,0.0,4.828,19.4,1621031518018
0.0,0.0,4.828,19.4,1621031518032
0.0,0.0,4.828,19.4,1621031518085
0.0,0.0,4.839,19.4,1621031518292
0.0,0.0,4.839,19.4,1621031518295
0.0,0.0,4.839,19.4,1621031518299
0.0,0.0,4.839,19.4,1621031518365
0.0,0.0,4.849,19.4,1621031518582
0.0,0.0,4.849,19.4,1621031518595
0.0,0.0,4.849,19.4,1621031518600
0.0,0.0,4.849,19.4,1621031518645
35.163143157958984,139.61427307128906,4.849,19.4,1621031518645
0.0,0.0,4.86,19.4,1621031518904
0.0,0.0,4.86,19.4,1621031518907
0.0,0.0,4.86,19.4,1621031518914
0.0,0.0,4.86,19.4,1621031518928
0.0,0.0,4.86,19.4,1621031518996
0.0,0.0,4.87,19.4,1621031519201
0.0,0.0,4.87,19.4,1621031519204
0.0,0.0,4.87,19.4,1621031519210
0.0,0.0,4.88,19.4,1621031519277
0.0,0.0,4.88,19.4,1621031519508
0.0,0.0,4.88,19.4,1621031519513
0.0,0.0,4.88,19.4,1621031519518
0.0,0.0,4.88,19.4,1621031519557
0.0,0.0,4.87,19.4,1621031519812
0.0,0.0,4.88,19.4,1621031519816
0.0,0.0,4.88,19.4,1621031519822
0.0,0.0,4.87,19.4,1621031519837
0.0,0.0,4.88,19.4,1621031519906
0.0,0.0,4.87,19.4,1621031520113
0.0,0.0,4.87,19.4,1621031520117
0.0,0.0,4.87,19.4,1621031520124
0.0,0.0,4.88,19.4,1621031520186
0.0,0.0,4.88,19.4,1621031520257
0.0,0.0,4.891,19.4,1621031520325
0.0,0.0,4.891,19.4,1621031520396
0.0,0.0,4.891,19.4,1621031520469
0.0,0.0,4.891,19.4,1621031520538
0.0,0.0,4.891,19.4,1621031520606
0.0,0.0,4.891,19.4,1621031520675
0.0,0.0,4.891,19.4,1621031520745
0.0,0.0,4.891,19.4,1621031520815
35.16315841674805,139.6142578125,4.891,19.4,1621031520815
0.0,0.0,4.891,19.4,1621031520894
0.0,0.0,4.891,19.4,1621031520955
0.0,0.0,4.901,19.4,1621031521026
0.0,0.0,4.901,19.4,1621031521095
0.0,0.0,4.901,19.4,1621031521165
0.0,0.0,4.901,19.4,1621031521236
0.0,0.0,4.901,19.4,1621031521305
0.0,0.0,4.901,19.4,1621031521376
0.0,0.0,4.901,19.4,1621031521446
0.0,0.0,4.891,19.4,1621031521516
0.0,0.0,4.891,19.4,1621031521588
0.0,0.0,4.891,19.4,1621031521658
0.0,0.0,4.891,19.4,1621031521725
0.0,0.0,4.901,19.4,1621031521795
0.0,0.0,4.901,19.4,1621031521866
0.0,0.0,4.901,19.4,1621031521935
0.0,0.0,4.901,19.4,1621031522720
0.0,0.0,4.901,19.4,1621031522725
0.0,0.0,4.901,19.4,1621031522728
0.0,0.0,4.901,19.4,1621031522734
0.0,0.0,4.912,19.4,1621031522738
0.0,0.0,4.912,19.4,1621031522741
0.0,0.0,4.912,19.4,1621031522749
0.0,0.0,4.912,19.4,1621031522753
0.0,0.0,4.912,19.4,1621031522757
0.0,0.0,4.922,19.4,1621031522765
0.0,0.0,4.922,19.4,1621031522782
35.16318130493164,139.6142578125,4.922,19.4,1621031522782
0.0,0.0,4.932,19.4,1621031523015
0.0,0.0,4.932,19.4,1621031523023
0.0,0.0,4.943,19.4,1621031523030
0.0,0.0,4.953,19.4,1621031523060
0.0,0.0,4.964,19.4,1621031523127
0.0,0.0,4.964,19.4,1621031523309
0.0,0.0,4.964,19.4,1621031523313
0.0,0.0,4.964,19.4,1621031523343
0.0,0.0,4.964,19.4,1621031523406
0.0,0.0,4.974,19.4,1621031523608
0.0,0.0,4.974,19.4,1621031523629
0.0,0.0,4.974,19.4,1621031523634
0.0,0.0,4.974,19.4,1621031523687
0.0,0.0,4.984,19.4,1621031523910
0.0,0.0,4.984,19.4,1621031523913
0.0,0.0,4.984,19.4,1621031523918
0.0,0.0,4.995,19.4,1621031523970
0.0,0.0,4.995,19.4,1621031524216
0.0,0.0,4.995,19.4,1621031524225
0.0,0.0,4.995,19.4,1621031524231
0.0,0.0,4.995,19.4,1621031524249
0.0,0.0,4.995,19.4,1621031524316
0.0,0.0,4.995,19.4,1621031524518
0.0,0.0,5.005,19.4,1621031524523
0.0,0.0,5.005,19.4,1621031524528
0.0,0.0,5.005,19.4,1621031524603
0.0,0.0,5.005,19.4,1621031524818
0.0,0.0,5.005,19.4,1621031524828
0.0,0.0,5.016,19.4,1621031524834
0.0,0.0,5.016,19.4,1621031524881
35.16320037841797,139.61424255371094,5.016,19.4,1621031524881
0.0,0.0,5.016,19.4,1621031525130
0.0,0.0,5.016,19.4,1621031525135
0.0,0.0,5.016,19.4,1621031525140
0.0,0.0,5.016,19.4,1621031525158
0.0,0.0,5.016,19.4,1621031525227
0.0,0.0,5.016,19.4,1621031525296
0.0,0.0,5.005,19.4,1621031525366
0.0,0.0,5.016,19.4,1621031525437
0.0,0.0,5.016,19.4,1621031525509
0.0,0.0,5.016,19.4,1621031525581
0.0,0.0,5.016,19.4,1621031525646
0.0,0.0,5.016,19.4,1621031525716
0.0,0.0,5.026,19.4,1621031525787
0.0,0.0,5.026,19.4,1621031525865
0.0,0.0,5.026,19.4,1621031525928
0.0,0.0,5.026,19.4,1621031525999
0.0,0.0,5.036,19.4,1621031526067
0.0,0.0,5.036,19.2,1621031526137
0.0,0.0,5.057,19.2,1621031526207
0.0,0.0,5.057,19.2,1621031526277
0.0,0.0,5.068,19.2,1621031526357
0.0,0.0,5.078,19.2,1621031526447
0.0,0.0,5.078,19.2,1621031526494
0.0,0.0,5.089,19.2,1621031526556
0.0,0.0,5.089,19.2,1621031526626
0.0,0.0,5.089,19.2,1621031526696
0.0,0.0,5.089,19.2,1621031526766
0.0,0.0,5.089,19.2,1621031526838
35.1632194519043,139.61422729492188,5.089,19.2,1621031526838
0.0,0.0,5.089,19.2,1621031527997
0.0,0.0,5.089,19.2,1621031528038
0.0,0.0,5.089,19.2,1621031528050
0.0,0.0,5.089,19.2,1621031528057
0.0,0.0,5.099,19.2,1621031528062
0.0,0.0,5.099,19.2,1621031528065
0.0,0.0,5.099,19.2,1621031528070
0.0,0.0,5.099,19.2,1621031528075
0.0,0.0,5.109,19.2,1621031528079
0.0,0.0,5.109,19.2,1621031528083
0.0,0.0,5.12,19.2,1621031528087
0.0,0.0,5.109,19.2,1621031528097
0.0,0.0,5.12,19.2,1621031528101
0.0,0.0,5.12,19.2,1621031528104
0.0,0.0,5.12,19.2,1621031528109
0.0,0.0,5.12,19.2,1621031528113
0.0,0.0,5.12,19.2,1621031528117
0.0,0.0,5.109,19.2,1621031528130
0.0,0.0,5.109,19.2,1621031528327
0.0,0.0,5.109,19.2,1621031528344
0.0,0.0,5.099,19.2,1621031528413
0.0,0.0,5.099,19.2,1621031528616
0.0,0.0,5.089,19.2,1621031528621
0.0,0.0,5.089,19.2,1621031528626
0.0,0.0,5.089,19.2,1621031528694
35.163238525390625,139.61422729492188,5.089,19.2,1621031528694
0.0,0.0,5.099,19.2,1621031528924
0.0,0.0,5.099,19.2,1621031528929
0.0,0.0,5.099,19.2,1621031528936
0.0,0.0,5.089,19.2,1621031528972
0.0,0.0,5.099,19.2,1621031529232
0.0,0.0,5.099,19.2,1621031529236
0.0,0.0,5.099,19.2,1621031529242
0.0,0.0,5.099,19.2,1621031529257
0.0,0.0,5.109,19.4,1621031529322
0.0,0.0,5.109,19.4,1621031529534
0.0,0.0,5.109,19.4,1621031529540
0.0,0.0,5.109,19.4,1621031529545
0.0,0.0,5.12,19.4,1621031529604
0.0,0.0,5.109,19.4,1621031529837
0.0,0.0,5.109,19.4,1621031529840
0.0,0.0,5.109,19.4,1621031529844
0.0,0.0,5.109,19.4,1621031529886
0.0,0.0,5.109,19.4,1621031529951
0.0,0.0,5.12,19.4,1621031530146
0.0,0.0,5.13,19.4,1621031530149
0.0,0.0,5.13,19.4,1621031530163
0.0,0.0,5.141,19.4,1621031530231
0.0,0.0,5.141,19.4,1621031530301
0.0,0.0,5.141,19.4,1621031530372
0.0,0.0,5.151,19.4,1621031530441
0.0,0.0,5.151,19.4,1621031530512
0.0,0.0,5.151,19.4,1621031530590
0.0,0.0,5.151,19.4,1621031530650
0.0,0.0,5.151,19.4,1621031530721
0.0,0.0,5.151,19.4,1621031530791
0.0,0.0,5.151,19.4,1621031530861
35.16325759887695,139.6142120361328,5.151,19.4,1621031530861
0.0,0.0,5.151,19.4,1621031530931
0.0,0.0,5.151,19.4,1621031531002
0.0,0.0,5.151,19.4,1621031531070
0.0,0.0,5.161,19.4,1621031531145
0.0,0.0,5.161,19.4,1621031531210
0.0,0.0,5.161,19.4,1621031531281
0.0,0.0,5.161,19.4,1621031531350
0.0,0.0,5.161,19.4,1621031531420
0.0,0.0,5.172,19.4,1621031531493
0.0,0.0,5.172,19.4,1621031531563
0.0,0.0,5.172,19.4,1621031531636
0.0,0.0,5.172,19.4,1621031531704
0.0,0.0,5.172,19.4,1621031531773
0.0,0.0,5.172,19.4,1621031531846
0.0,0.0,5.182,19.4,1621031531913
0.0,0.0,5.182,19.4,1621031531984
0.0,0.0,5.182,19.4,1621031532174
0.0,0.0,5.182,19.4,1621031532178
0.0,0.0,5.182,19.4,1621031532196
0.0,0.0,5.172,19.4,1621031532263
0.0,0.0,5.182,19.4,1621031532454
0.0,0.0,5.182,19.4,1621031532458
0.0,0.0,5.182,19.4,1621031532477
0.0,0.0,5.193,19.4,1621031532543
0.0,0.0,5.193,19.4,1621031532729
0.0,0.0,5.193,19.4,1621031532734
0.0,0.0,5.203,19.4,1621031532754
35.16327667236328,139.61419677734375,5.203,19.4,1621031532754
0.0,0.0,5.203,19.4,1621031533027
0.0,0.0,5.203,19.4,1621031533037
0.0,0.0,5.213,19.4,1621031533044
0.0,0.0,5.224,19.4,1621031533104
0.0,0.0,5.224,19.4,1621031533337
0.0,0.0,5.234,19.4,1621031533352
0.0,0.0,5.234,19.4,1621031533361
0.0,0.0,5.234,19.4,1621031533386
0.0,0.0,5.234,19.4,1621031533947
0.0,0.0,5.234,19.4,1621031533952
0.0,0.0,5.234,19.4,1621031533958
0.0,0.0,5.234,19.4,1621031533963
0.0,0.0,5.245,19.4,1621031533967
0.0,0.0,5.245,19.4,1621031533971
0.0,0.0,5.234,19.4,1621031533975
0.0,0.0,5.255,19.4,1621031533981
0.0,0.0,5.245,19.4,1621031534014
0.0,0.0,5.245,19.4,1621031534232
0.0,0.0,5.245,19.4,1621031534236
0.0,0.0,5.245,19.4,1621031534245
0.0,0.0,5.245,19.4,1621031534300
0.0,0.0,5.245,19.4,1621031534533
0.0,0.0,5.245,19.4,1621031534538
0.0,0.0,5.245,19.4,1621031534544
0.0,0.0,5.245,19.4,1621031534575
0.0,0.0,5.245,19.4,1621031534643
0.0,0.0,5.245,19.4,1621031534837
0.0,0.0,5.245,19.4,1621031534842
0.0,0.0,5.245,19.4,1621031534854
35.16329574584961,139.6141815185547,5.245,19.4,1621031534854
0.0,0.0,5.245,19.4,1621031534937
0.0,0.0,5.245,19.4,1621031535141
0.0,0.0,5.245,19.4,1621031535145
0.0,0.0,5.234,19.4,1621031535150
0.0,0.0,5.245,19.4,1621031535205
0.0,0.0,5.245,19.4,1621031535274
0.0,0.0,5.234,19.4,1621031535344
0.0,0.0,5.245,19.4,1621031535413
0.0,0.0,5.245,19.4,1621031535488
0.0,0.0,5.245,19.4,1621031535559
0.0,0.0,5.245,19.4,1621031535623
0.0,0.0,5.255,19.4,1621031535694
0.0,0.0,5.255,19.4,1621031535763
0.0,0.0,5.255,19.4,1621031535835
0.0,0.0,5.255,19.4,1621031535903
0.0,0.0,5.255,19.4,1621031535974
0.0,0.0,5.255,19.4,1621031536044
0.0,0.0,5.255,19.4,1621031536113
0.0,0.0,5.245,19.4,1621031536184
0.0,0.0,5.245,19.4,1621031536253
0.0,0.0,5.255,19.4,1621031536323
0.0,0.0,5.255,19.4,1621031536393
0.0,0.0,5.265,19.4,1621031536463
0.0,0.0,5.265,19.4,1621031536535
0.0,0.0,5.265,19.4,1621031536604
0.0,0.0,5.265,19.4,1621031536674
0.0,0.0,5.265,19.4,1621031536743
0.0,0.0,5.276,19.4,1621031536813
0.0,0.0,5.276,19.4,1621031536884
35.16331100463867,139.61415100097656,5.276,19.4,1621031536884
0.0,0.0,5.276,19.4,1621031536953
0.0,0.0,5.276,19.4,1621031537288
0.0,0.0,5.276,19.4,1621031537294
0.0,0.0,5.276,19.4,1621031537299
0.0,0.0,5.276,19.4,1621031537306
0.0,0.0,5.286,19.4,1621031537465
0.0,0.0,5.286,19.4,1621031537468
0.0,0.0,5.286,19.4,1621031537472
0.0,0.0,5.286,19.4,1621031537516
0.0,0.0,5.286,19.4,1621031537591
0.0,0.0,5.276,19.4,1621031537755
0.0,0.0,5.276,19.4,1621031537760
0.0,0.0,5.276,19.4,1621031537794
0.0,0.0,5.286,19.4,1621031537864
0.0,0.0,5.286,19.4,1621031538064
0.0,0.0,5.286,19.4,1621031538073
0.0,0.0,5.286,19.4,1621031538080
0.0,0.0,5.286,19.4,1621031538145
0.0,0.0,5.297,19.4,1621031538627
0.0,0.0,5.297,19.4,1621031538634
0.0,0.0,5.307,19.4,1621031538642
0.0,0.0,5.307,19.4,1621031538650
0.0,0.0,5.307,19.4,1621031538655
0.0,0.0,5.307,19.4,1621031538659
0.0,0.0,5.307,19.4,1621031538664
0.0,0.0,5.307,19.4,1621031538703
35.16332244873047,139.61412048339844,5.307,19.4,1621031538703
0.0,0.0,5.307,19.4,1621031538939
0.0,0.0,5.307,19.4,1621031538943
0.0,0.0,5.307,19.4,1621031538947
0.0,0.0,5.307,19.4,1621031538985
0.0,0.0,5.307,19.4,1621031539054
0.0,0.0,5.307,19.4,1621031539242
0.0,0.0,5.307,19.4,1621031539249
0.0,0.0,5.307,19.4,1621031539264
0.0,0.0,5.307,19.4,1621031539333
0.0,0.0,5.307,19.4,1621031539549
0.0,0.0,5.307,19.4,1621031539572
0.0,0.0,5.307,19.4,1621031539580
0.0,0.0,5.307,19.4,1621031539614
0.0,0.0,5.307,19.4,1621031539863
0.0,0.0,5.307,19.4,1621031539881
0.0,0.0,5.307,19.4,1621031539887
0.0,0.0,5.307,19.4,1621031539901
0.0,0.0,5.307,19.4,1621031539964
0.0,0.0,5.307,19.4,1621031540156
0.0,0.0,5.307,19.4,1621031540165
0.0,0.0,5.297,19.4,1621031540176
0.0,0.0,5.297,19.4,1621031540244
0.0,0.0,5.297,19.4,1621031540313
0.0,0.0,5.297,19.4,1621031540384
0.0,0.0,5.297,19.4,1621031540454
0.0,0.0,5.297,19.4,1621031540524
0.0,0.0,5.286,19.4,1621031540594
0.0,0.0,5.286,19.4,1621031540663
0.0,0.0,5.286,19.4,1621031540733
0.0,0.0,5.286,19.4,1621031540803
0.0,0.0,5.286,19.4,1621031540874
35.163330078125,139.61410522460938,5.286,19.4,1621031540874
0.0,0.0,5.286,19.4,1621031540943
0.0,0.0,5.276,19.4,1621031541013
0.0,0.0,5.276,19.4,1621031541084
0.0,0.0,5.276,19.4,1621031541153
0.0,0.0,5.276,19.4,1621031541227
0.0,0.0,5.276,19.4,1621031541296
0.0,0.0,5.276,19.4,1621031541363
0.0,0.0,5.276,19.4,1621031541961
0.0,0.0,5.276,19.4,1621031541970
0.0,0.0,5.286,19.4,1621031541975
0.0,0.0,5.286,19.4,1621031541981
0.0,0.0,5.286,19.4,1621031541985
0.0,0.0,5.286,19.4,1621031541989
0.0,0.0,5.297,19.4,1621031541993
0.0,0.0,5.297,19.4,1621031541999
0.0,0.0,5.297,19.4,1621031542011
0.0,0.0,5.297,19.4,1621031542200
0.0,0.0,5.307,19.4,1621031542205
0.0,0.0,5.307,19.4,1621031542273
0.0,0.0,5.307,19.4,1621031542479
0.0,0.0,5.307,19.4,1621031542486
0.0,0.0,5.307,19.4,1621031542493
0.0,0.0,5.307,19.4,1621031542553
0.0,0.0,5.307,19.4,1621031542770
0.0,0.0,5.307,19.4,1621031542776
0.0,0.0,5.307,19.4,1621031542782
0.0,0.0,5.317,19.4,1621031542835
35.16333770751953,139.61407470703125,5.317,19.4,1621031542835
0.0,0.0,5.317,19.4,1621031543074
0.0,0.0,5.317,19.4,1621031543078
0.0,0.0,5.317,19.4,1621031543085
0.0,0.0,5.317,19.4,1621031543116
0.0,0.0,5.317,19.4,1621031543186
0.0,0.0,5.317,19.4,1621031543363
0.0,0.0,5.317,19.4,1621031543367
0.0,0.0,5.307,19.4,1621031543394
0.0,0.0,5.307,19.4,1621031543463
0.0,0.0,5.307,19.4,1621031543688
0.0,0.0,5.297,19.4,1621031543696
0.0,0.0,5.286,19.4,1621031543744
0.0,0.0,5.286,19.4,1621031543977
0.0,0.0,5.286,19.4,1621031543980
0.0,0.0,5.276,19.4,1621031543984
0.0,0.0,5.265,19.4,1621031544026
0.0,0.0,5.255,19.4,1621031544283
0.0,0.0,5.245,19.4,1621031544286
0.0,0.0,5.234,19.4,1621031544293
0.0,0.0,5.234,19.4,1621031544314
0.0,0.0,5.224,19.4,1621031544375
0.0,0.0,5.213,19.4,1621031544585
0.0,0.0,5.203,19.4,1621031544594
0.0,0.0,5.203,19.4,1621031544602
0.0,0.0,5.193,19.4,1621031544653
35.16334533691406,139.6140594482422,5.193,19.4,1621031544653
0.0,0.0,5.193,19.4,1621031544905
0.0,0.0,5.193,19.4,1621031544924
0.0,0.0,5.193,19.4,1621031544929
0.0,0.0,5.193,19.4,1621031544937
0.0,0.0,5.193,19.4,1621031545003
0.0,0.0,5.193,19.4,1621031545197
0.0,0.0,5.203,19.4,1621031545208
0.0,0.0,5.193,19.4,1621031545216
0.0,0.0,5.203,19.4,1621031545284
0.0,0.0,5.203,19.4,1621031545356
0.0,0.0,5.203,19.4,1621031545423
0.0,0.0,5.213,19.4,1621031545494
0.0,0.0,5.213,19.4,1621031545563
0.0,0.0,5.213,19.4,1621031545633
0.0,0.0,5.224,19.4,1621031545705
0.0,0.0,5.234,19.4,1621031545774
0.0,0.0,5.234,19.4,1621031545843
0.0,0.0,5.245,19.4,1621031545913
0.0,0.0,5.245,19.4,1621031545983
0.0,0.0,5.255,19.4,1621031546054
0.0,0.0,5.245,19.4,1621031546123
0.0,0.0,5.265,19.4,1621031546193
0.0,0.0,5.276,19.4,1621031546263
0.0,0.0,5.286,19.4,1621031546333
35.16334915161133,139.61402893066406,5.286,19.4,1621031546333
0.0,0.0,5.297,19.4,1621031547223
0.0,0.0,5.307,19.4,1621031547233
0.0,0.0,5.317,19.4,1621031547238
0.0,0.0,5.328,19.4,1621031547245
0.0,0.0,5.328,19.4,1621031547255
0.0,0.0,5.338,19.4,1621031547260
0.0,0.0,5.338,19.4,1621031547269
0.0,0.0,5.338,19.4,1621031547275
0.0,0.0,5.338,19.4,1621031547289
0.0,0.0,5.349,19.2,1621031547295
0.0,0.0,5.349,19.2,1621031547531
0.0,0.0,5.349,19.2,1621031547567
0.0,0.0,5.349,19.2,1621031547776
0.0,0.0,5.349,19.2,1621031547783
0.0,0.0,5.349,19.2,1621031547792
0.0,0.0,5.359,19.2,1621031547845
0.0,0.0,5.359,19.2,1621031548081
0.0,0.0,5.359,19.2,1621031548085
0.0,0.0,5.359,19.2,1621031548099
0.0,0.0,5.359,19.2,1621031548126
0.0,0.0,5.359,19.2,1621031548196
0.0,0.0,5.359,19.2,1621031548374
0.0,0.0,5.359,19.2,1621031548377
0.0,0.0,5.359,19.2,1621031548405
0.0,0.0,5.37,19.2,1621031548475
0.0,0.0,5.359,19.2,1621031548665
0.0,0.0,5.37,19.2,1621031548669
0.0,0.0,5.39,19.2,1621031548688
0.0,0.0,5.39,19.2,1621031548755
35.16335678100586,139.614013671875,5.39,19.2,1621031548755
0.0,0.0,5.39,19.2,1621031549940
0.0,0.0,5.401,19.2,1621031549954
0.0,0.0,5.401,19.2,1621031549973
0.0,0.0,5.39,19.2,1621031549982
0.0,0.0,5.401,19.2,1621031549989
0.0,0.0,5.39,19.2,1621031549993
0.0,0.0,5.39,19.2,1621031549999
0.0,0.0,5.401,19.2,1621031550002
0.0,0.0,5.411,19.2,1621031550006
0.0,0.0,5.411,19.2,1621031550010
0.0,0.0,5.422,19.2,1621031550013
0.0,0.0,5.422,19.2,1621031550016
0.0,0.0,5.422,19.2,1621031550024
0.0,0.0,5.422,19.2,1621031550030
0.0,0.0,5.422,19.2,1621031550034
0.0,0.0,5.422,19.2,1621031550041
0.0,0.0,5.432,19.2,1621031550194
0.0,0.0,5.432,19.2,1621031550202
0.0,0.0,5.422,19.2,1621031550206
0.0,0.0,5.422,19.2,1621031550229
0.0,0.0,5.432,19.4,1621031550298
0.0,0.0,5.432,19.4,1621031550372
0.0,0.0,5.432,19.4,1621031550440
0.0,0.0,5.442,19.4,1621031550506
0.0,0.0,5.442,19.4,1621031550577
0.0,0.0,5.442,19.4,1621031550646
0.0,0.0,5.442,19.4,1621031550716
0.0,0.0,5.442,19.4,1621031550786
0.0,0.0,5.453,19.4,1621031550858
35.163360595703125,139.61398315429688,5.453,19.4,1621031550858
0.0,0.0,5.453,19.4,1621031550935
0.0,0.0,5.453,19.4,1621031550999
0.0,0.0,5.453,19.4,1621031551067
0.0,0.0,5.463,19.4,1621031551136
0.0,0.0,5.453,19.4,1621031551206
0.0,0.0,5.453,19.4,1621031551278
0.0,0.0,5.463,19.4,1621031551997
0.0,0.0,5.463,19.4,1621031552003
0.0,0.0,5.474,19.4,1621031552007
0.0,0.0,5.474,19.4,1621031552012
0.0,0.0,5.484,19.4,1621031552016
0.0,0.0,5.484,19.4,1621031552020
0.0,0.0,5.494,19.4,1621031552024
0.0,0.0,5.494,19.4,1621031552030
0.0,0.0,5.494,19.4,1621031552035
0.0,0.0,5.505,19.4,1621031552053
0.0,0.0,5.505,19.4,1621031552224
0.0,0.0,5.505,19.4,1621031552229
0.0,0.0,5.505,19.4,1621031552257
0.0,0.0,5.505,19.4,1621031552327
0.0,0.0,5.505,19.4,1621031552513
0.0,0.0,5.526,19.4,1621031552517
0.0,0.0,5.515,19.4,1621031552538
0.0,0.0,5.526,19.4,1621031552608
0.0,0.0,5.526,19.4,1621031552817
0.0,0.0,5.526,19.4,1621031552888
35.16337203979492,139.6139678955078,5.526,19.4,1621031552888
0.0,0.0,5.515,19.4,1621031553112
0.0,0.0,5.515,19.4,1621031553115
0.0,0.0,5.515,19.4,1621031553126
0.0,0.0,5.515,19.4,1621031553167
0.0,0.0,5.515,19.4,1621031553398
0.0,0.0,5.515,19.4,1621031553402
0.0,0.0,5.505,19.4,1621031553407
0.0,0.0,5.515,19.4,1621031553448
0.0,0.0,5.515,19.4,1621031553687
0.0,0.0,5.515,19.4,1621031553690
0.0,0.0,5.515,19.4,1621031553695
0.0,0.0,5.505,19.4,1621031553729
0.0,0.0,5.505,19.4,1621031553797
0.0,0.0,5.505,19.4,1621031553997
0.0,0.0,5.505,19.4,1621031554001
0.0,0.0,5.494,19.4,1621031554008
0.0,0.0,5.494,19.4,1621031554078
0.0,0.0,5.494,19.4,1621031554303
0.0,0.0,5.494,19.4,1621031554306
0.0,0.0,5.494,19.4,1621031554313
0.0,0.0,5.494,19.4,1621031554359
0.0,0.0,5.494,19.4,1621031554613
0.0,0.0,5.494,19.4,1621031554619
0.0,0.0,5.494,19.4,1621031554636
0.0,0.0,5.494,19.4,1621031554645
0.0,0.0,5.494,19.4,1621031554709
35.16337966918945,139.6139373779297,5.494,19.4,1621031554709
0.0,0.0,5.494,19.4,1621031554927
0.0,0.0,5.484,19.4,1621031554931
0.0,0.0,5.484,19.4,1621031554936
0.0,0.0,5.484,19.4,1621031554990
0.0,0.0,5.484,19.4,1621031555224
0.0,0.0,5.474,19.4,1621031555229
0.0,0.0,5.474,19.4,1621031555236
0.0,0.0,5.474,19.4,1621031555270
0.0,0.0,5.474,19.4,1621031555339
0.0,0.0,5.474,19.4,1621031555408
0.0,0.0,5.474,19.4,1621031555478
0.0,0.0,5.474,19.4,1621031555549
0.0,0.0,5.474,19.4,1621031555618
0.0,0.0,5.474,19.4,1621031555688
0.0,0.0,5.474,19.4,1621031555758
0.0,0.0,5.474,19.4,1621031555828
0.0,0.0,5.484,19.4,1621031555899
0.0,0.0,5.484,19.4,1621031555969
0.0,0.0,5.494,19.4,1621031556038
0.0,0.0,5.494,19.4,1621031556109
0.0,0.0,5.505,19.2,1621031556179
0.0,0.0,5.505,19.2,1621031556249
0.0,0.0,5.505,19.2,1621031556339
0.0,0.0,5.505,19.2,1621031556389
0.0,0.0,5.505,19.2,1621031556486
0.0,0.0,5.505,19.2,1621031556529
0.0,0.0,5.515,19.2,1621031556599
0.0,0.0,5.515,19.2,1621031556669
0.0,0.0,5.515,19.2,1621031556739
0.0,0.0,5.515,19.2,1621031556808
0.0,0.0,5.515,19.2,1621031556880
35.16339111328125,139.61390686035156,5.515,19.2,1621031556880
0.0,0.0,5.515,19.2,1621031556948
0.0,0.0,5.515,19.2,1621031557527
0.0,0.0,5.515,19.2,1621031557535
0.0,0.0,5.515,19.2,1621031557540
0.0,0.0,5.526,19.2,1621031557548
0.0,0.0,5.526,19.2,1621031557552
0.0,0.0,5.526,19.2,1621031557557
0.0,0.0,5.536,19.2,1621031557560
0.0,0.0,5.546,19.2,1621031557564
0.0,0.0,5.546,19.2,1621031557584
0.0,0.0,5.557,19.2,1621031557815
0.0,0.0,5.557,19.2,1621031557821
0.0,0.0,5.557,19.2,1621031557862
0.0,0.0,5.557,19.2,1621031557928
0.0,0.0,5.557,19.2,1621031558119
0.0,0.0,5.557,19.2,1621031558122
0.0,0.0,5.557,19.2,1621031558141
0.0,0.0,5.557,19.2,1621031558209
0.0,0.0,5.546,19.2,1621031558426
0.0,0.0,5.546,19.2,1621031558436
0.0,0.0,5.536,19.2,1621031558489
0.0,0.0,5.536,19.2,1621031558721
0.0,0.0,5.536,19.2,1621031558728
0.0,0.0,5.536,19.2,1621031558733
0.0,0.0,5.536,19.2,1621031558769
35.16340255737305,139.6138916015625,5.536,19.2,1621031558769
0.0,0.0,5.546,19.2,1621031559047
0.0,0.0,5.546,19.2,1621031559053
0.0,0.0,5.546,19.4,1621031559124
0.0,0.0,5.557,19.4,1621031559331
0.0,0.0,5.557,19.4,1621031559338
0.0,0.0,5.557,19.4,1621031559344
0.0,0.0,5.557,19.4,1621031559404
0.0,0.0,5.567,19.4,1621031559640
0.0,0.0,5.567,19.4,1621031559644
0.0,0.0,5.567,19.4,1621031559650
0.0,0.0,5.567,19.4,1621031559684
0.0,0.0,5.567,19.4,1621031559752
0.0,0.0,5.567,19.4,1621031559943
0.0,0.0,5.567,19.4,1621031559947
0.0,0.0,5.567,19.4,1621031559965
0.0,0.0,5.557,19.4,1621031560033
0.0,0.0,5.557,19.4,1621031560251
0.0,0.0,5.557,19.4,1621031560265
0.0,0.0,5.567,19.4,1621031560272
0.0,0.0,5.567,19.4,1621031560385
0.0,0.0,5.578,19.4,1621031560451
0.0,0.0,5.578,19.4,1621031560521
0.0,0.0,5.588,19.4,1621031560591
0.0,0.0,5.588,19.4,1621031560662
0.0,0.0,5.598,19.4,1621031560731
0.0,0.0,5.598,19.4,1621031560801
0.0,0.0,5.609,19.4,1621031560871
35.16341018676758,139.61386108398438,5.609,19.4,1621031560871
0.0,0.0,5.619,19.4,1621031560941
0.0,0.0,5.619,19.4,1621031561013
0.0,0.0,5.63,19.4,1621031561081
0.0,0.0,5.619,19.4,1621031561152
0.0,0.0,5.619,19.4,1621031561222
0.0,0.0,5.619,19.4,1621031561293
0.0,0.0,5.619,19.4,1621031561361
0.0,0.0,5.619,19.4,1621031561431
0.0,0.0,5.619,19.4,1621031561502
0.0,0.0,5.619,19.4,1621031561573
0.0,0.0,5.619,19.4,1621031561644
0.0,0.0,5.609,19.4,1621031561712
0.0,0.0,5.609,19.4,1621031561781
0.0,0.0,5.609,19.4,1621031561852
0.0,0.0,5.598,19.4,1621031561922
0.0,0.0,5.588,19.4,1621031562535
0.0,0.0,5.578,19.4,1621031562540
0.0,0.0,5.567,19.4,1621031562545
0.0,0.0,5.557,19.4,1621031562549
0.0,0.0,5.557,19.4,1621031562555
0.0,0.0,5.536,19.4,1621031562559
0.0,0.0,5.526,19.4,1621031562563
0.0,0.0,5.515,19.4,1621031562568
0.0,0.0,5.494,19.4,1621031562572
0.0,0.0,5.463,19.2,1621031562621
0.0,0.0,5.453,19.2,1621031562813
0.0,0.0,5.432,19.2,1621031562817
0.0,0.0,5.411,19.2,1621031562837
35.163421630859375,139.6138458251953,5.411,19.2,1621031562837
0.0,0.0,5.39,19.2,1621031562905
0.0,0.0,5.38,19.2,1621031563116
0.0,0.0,5.349,19.2,1621031563119
0.0,0.0,5.328,19.2,1621031563124
0.0,0.0,5.297,19.2,1621031563184
0.0,0.0,5.265,19.2,1621031563401
0.0,0.0,5.234,19.2,1621031563409
0.0,0.0,5.203,19.2,1621031563415
0.0,0.0,5.193,19.2,1621031563462
0.0,0.0,5.161,19.2,1621031563691
0.0,0.0,5.13,19.2,1621031563694
0.0,0.0,5.099,19.2,1621031563711
0.0,0.0,5.057,19.2,1621031563749
0.0,0.0,5.026,19.2,1621031563989
0.0,0.0,4.995,19.2,1621031563996
0.0,0.0,4.964,19.2,1621031564035
0.0,0.0,4.912,19.2,1621031564097
0.0,0.0,4.88,19.2,1621031564294
0.0,0.0,4.849,19.2,1621031564304
0.0,0.0,4.818,19.2,1621031564321
0.0,0.0,4.787,19.2,1621031564373
0.0,0.0,4.745,19.2,1621031564599
0.0,0.0,4.724,19.2,1621031564603
0.0,0.0,4.703,19.2,1621031564608
0.0,0.0,4.683,19.2,1621031564654
35.16343307495117,139.6138153076172,4.683,19.2,1621031564654
0.0,0.0,4.662,19.2,1621031564919
0.0,0.0,4.641,19.2,1621031564927
0.0,0.0,4.62,19.2,1621031564942
0.0,0.0,4.62,19.2,1621031564946
0.0,0.0,4.61,19.2,1621031565000
0.0,0.0,4.61,19.2,1621031565200
0.0,0.0,4.61,19.2,1621031565207
0.0,0.0,4.579,19.2,1621031565215
0.0,0.0,4.579,19.4,1621031565282
0.0,0.0,4.579,19.4,1621031565352
0.0,0.0,4.579,19.4,1621031565420
0.0,0.0,4.579,19.4,1621031565494
0.0,0.0,4.579,19.4,1621031565566
0.0,0.0,4.589,19.4,1621031565631
0.0,0.0,4.61,19.4,1621031565701
0.0,0.0,4.61,19.4,1621031565776
0.0,0.0,4.61,19.4,1621031565842
0.0,0.0,4.61,19.4,1621031565911
0.0,0.0,4.62,19.4,1621031565982
0.0,0.0,4.662,19.4,1621031566051
0.0,0.0,4.672,19.4,1621031566127
0.0,0.0,4.683,19.4,1621031566195
0.0,0.0,4.714,19.4,1621031566263
0.0,0.0,4.745,19.4,1621031566334
0.0,0.0,4.745,19.4,1621031566403
0.0,0.0,4.787,19.4,1621031566488
0.0,0.0,4.828,19.4,1621031566544
0.0,0.0,4.87,19.4,1621031566616
0.0,0.0,4.88,19.4,1621031566685
0.0,0.0,4.912,19.4,1621031566754
0.0,0.0,4.922,19.4,1621031566823
0.0,0.0,4.953,19.4,1621031566893
35.16344451904297,139.61380004882812,4.953,19.4,1621031566893
0.0,0.0,4.995,19.4,1621031566964
0.0,0.0,5.005,19.4,1621031567557
0.0,0.0,5.047,19.4,1621031567561
0.0,0.0,5.047,19.4,1621031567569
0.0,0.0,5.068,19.4,1621031567578
0.0,0.0,5.047,19.4,1621031567584
0.0,0.0,5.047,19.4,1621031567588
0.0,0.0,5.068,19.4,1621031567594
0.0,0.0,5.057,19.4,1621031567602
0.0,0.0,5.078,19.4,1621031567663
0.0,0.0,5.089,19.4,1621031567856
0.0,0.0,5.109,19.4,1621031567861
0.0,0.0,5.13,19.4,1621031567874
0.0,0.0,5.12,19.4,1621031567943
0.0,0.0,5.109,19.4,1621031568160
0.0,0.0,5.078,19.4,1621031568166
0.0,0.0,5.109,19.4,1621031568170
0.0,0.0,5.12,19.2,1621031568224
0.0,0.0,5.141,19.2,1621031568447
0.0,0.0,5.099,19.2,1621031568452
0.0,0.0,5.089,19.2,1621031568455
0.0,0.0,5.089,19.2,1621031568503
0.0,0.0,5.068,19.2,1621031568757
0.0,0.0,5.036,19.2,1621031568764
0.0,0.0,5.036,19.2,1621031568775
0.0,0.0,4.974,19.2,1621031568787
0.0,0.0,4.932,19.2,1621031568853
35.16345977783203,139.61378479003906,4.932,19.2,1621031568853
0.0,0.0,4.901,19.2,1621031569063
0.0,0.0,4.912,19.2,1621031569069
0.0,0.0,4.901,19.2,1621031569073
0.0,0.0,4.849,19.2,1621031569133
0.0,0.0,4.849,19.2,1621031569369
0.0,0.0,4.828,19.2,1621031569374
0.0,0.0,4.839,19.2,1621031569415
0.0,0.0,4.808,19.2,1621031569485
0.0,0.0,4.797,19.2,1621031569679
0.0,0.0,4.776,19.2,1621031569683
0.0,0.0,4.808,19.2,1621031569700
0.0,0.0,4.787,19.2,1621031569764
0.0,0.0,4.797,19.2,1621031569984
0.0,0.0,4.808,19.2,1621031569992
0.0,0.0,4.797,19.2,1621031569999
0.0,0.0,4.776,19.2,1621031570049
0.0,0.0,4.745,19.2,1621031570290
0.0,0.0,4.735,19.2,1621031570299
0.0,0.0,4.745,19.2,1621031570305
0.0,0.0,4.745,19.2,1621031570332
0.0,0.0,4.776,19.2,1621031570396
0.0,0.0,4.756,19.2,1621031570463
0.0,0.0,4.745,19.2,1621031570533
0.0,0.0,4.724,19.2,1621031570602
0.0,0.0,4.714,19.2,1621031570674
0.0,0.0,4.714,19.2,1621031570743
0.0,0.0,4.745,19.2,1621031570814
0.0,0.0,4.745,19.2,1621031570883
35.16347122192383,139.61375427246094,4.745,19.2,1621031570883
0.0,0.0,4.756,19.2,1621031570963
0.0,0.0,4.776,19.2,1621031571022
0.0,0.0,4.818,19.2,1621031571094
0.0,0.0,4.86,19.4,1621031571163
0.0,0.0,4.88,19.4,1621031571233
0.0,0.0,4.932,19.4,1621031571391
0.0,0.0,4.943,19.4,1621031571443
0.0,0.0,4.995,19.4,1621031571513
0.0,0.0,4.984,19.4,1621031571583
0.0,0.0,4.995,19.4,1621031571654
0.0,0.0,5.016,19.4,1621031571741
0.0,0.0,5.036,19.4,1621031571793
0.0,0.0,5.057,19.4,1621031571863
0.0,0.0,5.089,19.4,1621031571936
0.0,0.0,5.099,19.4,1621031572557
0.0,0.0,5.141,19.4,1621031572562
0.0,0.0,5.161,19.4,1621031572576
0.0,0.0,5.182,19.4,1621031572589
0.0,0.0,5.213,19.4,1621031572593
0.0,0.0,5.255,19.4,1621031572598
0.0,0.0,5.286,19.4,1621031572601
0.0,0.0,5.317,19.4,1621031572610
0.0,0.0,5.349,19.4,1621031572615
0.0,0.0,5.359,19.4,1621031572635
0.0,0.0,5.39,19.4,1621031572842
0.0,0.0,5.422,19.4,1621031572848
0.0,0.0,5.453,19.4,1621031572855
35.163482666015625,139.61373901367188,5.453,19.4,1621031572855
0.0,0.0,5.505,19.4,1621031572925
0.0,0.0,5.557,19.4,1621031573134
0.0,0.0,5.578,19.4,1621031573143
0.0,0.0,5.588,19.4,1621031573147
0.0,0.0,5.619,19.4,1621031573195
