0.0,0.0,4.38,22.0,1558735259334
0.0,0.0,4.38,22.0,1558735259548
0.0,0.0,4.38,22.0,1558735259550
0.0,0.0,4.38,22.0,1558735259639
0.0,0.0,4.38,22.0,1558735259848
0.0,0.0,4.38,22.0,1558735262499
0.0,0.0,4.38,22.0,1558735262501
0.0,0.0,4.38,22.0,1558735262502
0.0,0.0,4.38,22.0,1558735262502
0.0,0.0,4.38,22.0,1558735262504
0.0,0.0,4.38,22.0,1558735262509
0.0,0.0,4.38,22.0,1558735262510
0.0,0.0,4.38,22.0,1558735262511
0.0,0.0,4.38,22.0,1558735262512
0.0,0.0,4.38,22.0,1558735262512
0.0,0.0,4.38,22.0,1558735262513
0.0,0.0,4.38,22.0,1558735262514
0.0,0.0,4.38,22.0,1558735262515
0.0,0.0,4.38,22.0,1558735262516
0.0,0.0,4.38,22.0,1558735262517
0.0,0.0,4.35,22.0,1558735262518
0.0,0.0,4.35,22.0,1558735262519
0.0,0.0,4.35,22.0,1558735262520
0.0,0.0,4.35,22.0,1558735262521
0.0,0.0,4.35,22.0,1558735262521
0.0,0.0,4.35,22.0,1558735262522
0.0,0.0,4.35,22.0,1558735262523
0.0,0.0,4.35,22.0,1558735262524
0.0,0.0,4.35,22.0,1558735262525
0.0,0.0,4.35,22.0,1558735262526
0.0,0.0,4.35,22.0,1558735262527
0.0,0.0,4.35,22.0,1558735262527
0.0,0.0,4.35,22.0,1558735262576
0.0,0.0,4.35,22.0,1558735262677
0.0,0.0,4.35,22.0,1558735262781
0.0,0.0,4.35,22.0,1558735262879
0.0,0.0,4.35,22.0,1558735262981
0.0,0.0,4.38,22.0,1558735263084
0.0,0.0,4.38,22.0,1558735263183
0.0,0.0,4.38,22.0,1558735263285
0.0,0.0,4.38,22.0,1558735263386
0.0,0.0,4.38,22.0,1558735263489
0.0,0.0,4.38,22.0,1558735263589
0.0,0.0,4.38,22.0,1558735263690
0.0,0.0,4.38,22.0,1558735263791
0.0,0.0,4.38,22.0,1558735263893
0.0,0.0,4.38,22.0,1558735263994
0.0,0.0,4.38,22.0,1558735264098
0.0,0.0,4.38,22.0,1558735264198
0.0,0.0,4.38,22.0,1558735264298
0.0,0.0,4.4,22.0,1558735264399
0.0,0.0,4.4,22.0,1558735264501
0.0,0.0,4.4,22.0,1558735264602
0.0,0.0,4.4,22.0,1558735264705
0.0,0.0,4.4,22.0,1558735264805
0.0,0.0,4.4,22.0,1558735264906
35.162384033203125,139.61558532714844,4.4,22.0,1558735264907
0.0,0.0,4.4,22.0,1558735265008
0.0,0.0,4.4,22.0,1558735265111
0.0,0.0,4.4,22.0,1558735265211
0.0,0.0,4.43,22.0,1558735265311
0.0,0.0,4.43,22.0,1558735265413
0.0,0.0,4.43,22.0,1558735265514
0.0,0.0,4.43,22.0,1558735265615
0.0,0.0,4.43,22.0,1558735265717
0.0,0.0,4.43,22.0,1558735265818
0.0,0.0,4.43,22.0,1558735265919
0.0,0.0,4.43,22.0,1558735266021
0.0,0.0,4.43,22.0,1558735266124
0.0,0.0,4.43,22.0,1558735266224
0.0,0.0,4.43,22.0,1558735266324
0.0,0.0,4.4,22.0,1558735266426
0.0,0.0,4.4,22.0,1558735266527
0.0,0.0,4.4,22.0,1558735267178
0.0,0.0,4.4,22.0,1558735267236
0.0,0.0,4.4,22.0,1558735267338
0.0,0.0,4.4,22.0,1558735267439
0.0,0.0,4.4,22.0,1558735267540
0.0,0.0,4.4,22.0,1558735267642
0.0,0.0,4.4,22.0,1558735267743
0.0,0.0,4.4,22.0,1558735267844
0.0,0.0,4.4,22.0,1558735267957
0.0,0.0,4.4,22.0,1558735268047
0.0,0.0,4.4,22.0,1558735268151
0.0,0.0,4.4,22.0,1558735268249
35.16240310668945,139.61557006835938,4.4,22.0,1558735268250
0.0,0.0,4.4,22.0,1558735268351
0.0,0.0,4.4,22.0,1558735268452
0.0,0.0,4.4,22.0,1558735268554
0.0,0.0,4.4,22.0,1558735268655
0.0,0.0,4.4,22.0,1558735268756
0.0,0.0,4.4,22.0,1558735268857
0.0,0.0,4.4,22.0,1558735268960
0.0,0.0,4.4,22.0,1558735269060
0.0,0.0,4.4,22.0,1558735269163
0.0,0.0,4.4,22.0,1558735269263
0.0,0.0,4.4,22.0,1558735269364
0.0,0.0,4.4,22.0,1558735269465
0.0,0.0,4.4,22.0,1558735269566
0.0,0.0,4.4,22.0,1558735269668
0.0,0.0,4.4,22.0,1558735269770
0.0,0.0,4.4,22.0,1558735269870
0.0,0.0,4.4,22.0,1558735269972
0.0,0.0,4.4,22.0,1558735270073
0.0,0.0,4.4,22.0,1558735270176
0.0,0.0,4.4,22.0,1558735270276
0.0,0.0,4.4,22.0,1558735270377
0.0,0.0,4.4,22.0,1558735270478
0.0,0.0,4.4,22.0,1558735270580
0.0,0.0,4.4,22.0,1558735270681
0.0,0.0,4.38,22.0,1558735270782
0.0,0.0,4.38,22.0,1558735270884
0.0,0.0,4.38,22.0,1558735270985
0.0,0.0,4.38,22.0,1558735271086
0.0,0.0,4.35,22.0,1558735271290
0.0,0.0,4.35,22.0,1558735271391
0.0,0.0,4.35,22.0,1558735271491
0.0,0.0,4.35,22.0,1558735271611
0.0,0.0,4.35,22.0,1558735271694
0.0,0.0,4.35,22.0,1558735271795
0.0,0.0,4.32,22.0,1558735271897
0.0,0.0,4.32,22.0,1558735271998
0.0,0.0,4.32,22.0,1558735272099
0.0,0.0,4.32,22.0,1558735272203
0.0,0.0,4.32,22.0,1558735272302
0.0,0.0,4.32,22.0,1558735272403
0.0,0.0,4.32,22.0,1558735272505
0.0,0.0,4.32,22.0,1558735272606
0.0,0.0,4.32,22.0,1558735272707
0.0,0.0,4.32,22.0,1558735272809
35.16243362426758,139.61553955078125,4.32,22.0,1558735272809
0.0,0.0,4.32,22.0,1558735273428
0.0,0.0,4.32,22.0,1558735273441
0.0,0.0,4.32,22.0,1558735273518
0.0,0.0,4.32,22.0,1558735273620
0.0,0.0,4.32,22.0,1558735273720
0.0,0.0,4.32,22.0,1558735273822
0.0,0.0,4.32,22.0,1558735273924
0.0,0.0,4.32,22.0,1558735274025
0.0,0.0,4.32,22.0,1558735274126
0.0,0.0,4.32,22.0,1558735274229
0.0,0.0,4.32,22.0,1558735274328
0.0,0.0,4.35,22.0,1558735274430
0.0,0.0,4.35,22.0,1558735274531
0.0,0.0,4.35,22.0,1558735274632
0.0,0.0,4.35,22.0,1558735274734
0.0,0.0,4.35,22.0,1558735274836
0.0,0.0,4.35,22.0,1558735274936
0.0,0.0,4.35,22.0,1558735275038
35.16244125366211,139.6155242919922,4.35,22.0,1558735275039
0.0,0.0,4.38,22.0,1558735275139
0.0,0.0,4.38,22.0,1558735275243
0.0,0.0,4.38,22.0,1558735275342
0.0,0.0,4.38,22.0,1558735275451
0.0,0.0,4.38,22.0,1558735275544
0.0,0.0,4.38,22.0,1558735275646
0.0,0.0,4.38,22.0,1558735275747
0.0,0.0,4.38,22.0,1558735275848
0.0,0.0,4.38,22.0,1558735275951
0.0,0.0,4.38,22.0,1558735276051
0.0,0.0,4.4,22.0,1558735276152
0.0,0.0,4.4,22.0,1558735276255
0.0,0.0,4.4,22.0,1558735276355
0.0,0.0,4.4,22.0,1558735276456
0.0,0.0,4.4,22.0,1558735276557
0.0,0.0,4.4,22.0,1558735276732
0.0,0.0,4.43,22.0,1558735276760
0.0,0.0,4.43,22.0,1558735276861
0.0,0.0,4.43,22.0,1558735276963
0.0,0.0,4.46,22.0,1558735277064
0.0,0.0,4.46,22.0,1558735277166
0.0,0.0,4.46,22.0,1558735277269
0.0,0.0,4.46,22.0,1558735277368
0.0,0.0,4.46,22.0,1558735277470
0.0,0.0,4.46,22.0,1558735277571
0.0,0.0,4.46,22.0,1558735277673
0.0,0.0,4.49,22.0,1558735277999
0.0,0.0,4.49,22.0,1558735278000
0.0,0.0,4.49,22.0,1558735278079
0.0,0.0,4.49,22.0,1558735278179
0.0,0.0,4.49,22.0,1558735278282
0.0,0.0,4.49,22.0,1558735278381
0.0,0.0,4.49,22.0,1558735278483
35.16246032714844,139.61550903320312,4.49,22.0,1558735278483
0.0,0.0,4.49,22.0,1558735278584
0.0,0.0,4.49,22.0,1558735278686
0.0,0.0,4.49,22.0,1558735278787
0.0,0.0,4.49,22.0,1558735278889
0.0,0.0,4.49,22.0,1558735278989
0.0,0.0,4.49,22.0,1558735279094
0.0,0.0,4.49,22.0,1558735279192
0.0,0.0,4.49,22.0,1558735279295
0.0,0.0,4.51,22.0,1558735279395
0.0,0.0,4.51,22.0,1558735279496
0.0,0.0,4.49,22.0,1558735279762
0.0,0.0,4.49,22.0,1558735279763
0.0,0.0,4.49,22.0,1558735279800
0.0,0.0,4.51,22.0,1558735280044
0.0,0.0,4.49,22.0,1558735280048
0.0,0.0,4.49,22.0,1558735280106
0.0,0.0,4.49,22.0,1558735280336
0.0,0.0,4.49,22.0,1558735280337
0.0,0.0,4.49,22.0,1558735280608
0.0,0.0,4.49,22.0,1558735280614
0.0,0.0,4.51,22.0,1558735280615
0.0,0.0,4.51,22.0,1558735280712
35.1624755859375,139.61549377441406,4.51,22.0,1558735280712
0.0,0.0,4.51,22.0,1558735280898
0.0,0.0,4.51,22.0,1558735280916
0.0,0.0,4.51,22.0,1558735281188
0.0,0.0,4.51,22.0,1558735281189
0.0,0.0,4.51,22.0,1558735281221
0.0,0.0,4.51,22.0,1558735281491
0.0,0.0,4.51,22.0,1558735281492
0.0,0.0,4.51,22.0,1558735281522
0.0,0.0,4.51,22.0,1558735281798
0.0,0.0,4.51,22.0,1558735281799
0.0,0.0,4.51,22.0,1558735282419
0.0,0.0,4.51,22.0,1558735282420
0.0,0.0,4.51,22.0,1558735282422
0.0,0.0,4.51,22.0,1558735282423
0.0,0.0,4.51,22.0,1558735282425
0.0,0.0,4.54,22.0,1558735282434
0.0,0.0,4.54,22.0,1558735282717
0.0,0.0,4.54,22.0,1558735282718
0.0,0.0,4.54,22.0,1558735282739
0.0,0.0,4.54,22.0,1558735282839
0.0,0.0,4.54,22.0,1558735282941
0.0,0.0,4.54,22.0,1558735283043
0.0,0.0,4.54,22.0,1558735283143
0.0,0.0,4.57,22.0,1558735283245
0.0,0.0,4.57,22.0,1558735283348
0.0,0.0,4.57,22.0,1558735283448
0.0,0.0,4.57,22.0,1558735283549
0.0,0.0,4.57,22.0,1558735283650
0.0,0.0,4.57,22.0,1558735283751
0.0,0.0,4.57,22.0,1558735283853
0.0,0.0,4.57,22.0,1558735283957
0.0,0.0,4.57,22.0,1558735284056
0.0,0.0,4.57,22.0,1558735284157
35.162513732910156,139.61546325683594,4.57,22.0,1558735284157
0.0,0.0,4.59,22.0,1558735284258
0.0,0.0,4.59,22.0,1558735284363
0.0,0.0,4.59,22.0,1558735284461
0.0,0.0,4.59,22.0,1558735284564
0.0,0.0,4.59,22.0,1558735284663
0.0,0.0,4.59,22.0,1558735284765
0.0,0.0,4.62,22.0,1558735284866
0.0,0.0,4.62,22.0,1558735284967
0.0,0.0,4.62,22.0,1558735285068
0.0,0.0,4.62,22.0,1558735285170
0.0,0.0,4.62,22.0,1558735285271
0.0,0.0,4.62,22.0,1558735285377
0.0,0.0,4.62,22.0,1558735285474
0.0,0.0,4.65,22.0,1558735285575
0.0,0.0,4.65,22.0,1558735285779
0.0,0.0,4.65,22.0,1558735285879
0.0,0.0,4.65,22.0,1558735285982
0.0,0.0,4.65,22.0,1558735286082
0.0,0.0,4.65,22.0,1558735286183
0.0,0.0,4.65,22.0,1558735286285
0.0,0.0,4.65,22.0,1558735286388
0.0,0.0,4.65,22.0,1558735286487
35.16252517700195,139.61544799804688,4.65,22.0,1558735286488
0.0,0.0,4.65,22.0,1558735286588
0.0,0.0,4.65,22.0,1558735286690
0.0,0.0,4.62,22.0,1558735286791
0.0,0.0,4.62,22.0,1558735286892
0.0,0.0,4.62,22.0,1558735286994
0.0,0.0,4.62,22.0,1558735287095
0.0,0.0,4.62,22.0,1558735287690
0.0,0.0,4.62,22.0,1558735287691
0.0,0.0,4.62,22.0,1558735287694
0.0,0.0,4.62,22.0,1558735287695
0.0,0.0,4.62,22.0,1558735287695
0.0,0.0,4.62,22.0,1558735287703
0.0,0.0,4.62,22.0,1558735287805
0.0,0.0,4.62,22.0,1558735287906
0.0,0.0,4.62,22.0,1558735288007
0.0,0.0,4.62,22.0,1558735288108
0.0,0.0,4.62,22.0,1558735288210
0.0,0.0,4.62,22.0,1558735288311
0.0,0.0,4.62,22.0,1558735288415
0.0,0.0,4.59,22.0,1558735288513
0.0,0.0,4.59,22.0,1558735288615
0.0,0.0,4.62,22.0,1558735288716
0.0,0.0,4.59,22.0,1558735288818
0.0,0.0,4.59,22.0,1558735288919
0.0,0.0,4.59,22.0,1558735289020
0.0,0.0,4.59,22.0,1558735289121
0.0,0.0,4.59,22.0,1558735289223
0.0,0.0,4.59,22.0,1558735289324
0.0,0.0,4.59,22.0,1558735289428
0.0,0.0,4.59,22.0,1558735289531
0.0,0.0,4.62,22.0,1558735289628
0.0,0.0,4.62,22.0,1558735289729
0.0,0.0,4.62,22.0,1558735289831
0.0,0.0,4.62,22.0,1558735289932
0.0,0.0,4.62,22.0,1558735290033
0.0,0.0,4.62,22.0,1558735290134
0.0,0.0,4.62,22.0,1558735290236
0.0,0.0,4.62,22.0,1558735290337
0.0,0.0,4.62,22.0,1558735290441
0.0,0.0,4.62,22.0,1558735290541
0.0,0.0,4.62,22.0,1558735290642
0.0,0.0,4.62,22.0,1558735290742
0.0,0.0,4.62,22.0,1558735290844
0.0,0.0,4.62,22.0,1558735290945
0.0,0.0,4.62,22.0,1558735291046
35.16254425048828,139.6154327392578,4.62,22.0,1558735291047
0.0,0.0,4.62,22.0,1558735291148
0.0,0.0,4.62,22.0,1558735291249
0.0,0.0,4.62,22.0,1558735291350
0.0,0.0,4.62,22.0,1558735291454
0.0,0.0,4.62,22.0,1558735291555
0.0,0.0,4.62,22.0,1558735291656
0.0,0.0,4.62,22.0,1558735291756
0.0,0.0,4.62,22.0,1558735291857
0.0,0.0,4.62,22.0,1558735291959
0.0,0.0,4.62,22.0,1558735292060
0.0,0.0,4.62,22.0,1558735292161
0.0,0.0,4.62,22.0,1558735292689
0.0,0.0,4.62,22.0,1558735292689
0.0,0.0,4.62,22.0,1558735292690
0.0,0.0,4.62,22.0,1558735292690
0.0,0.0,4.62,22.0,1558735292690
0.0,0.0,4.62,22.0,1558735292769
0.0,0.0,4.62,22.0,1558735292870
0.0,0.0,4.65,22.0,1558735292971
0.0,0.0,4.65,22.0,1558735293073
0.0,0.0,4.65,22.0,1558735293218
0.0,0.0,4.65,22.0,1558735293275
0.0,0.0,4.65,22.0,1558735293377
35.16255187988281,139.6154327392578,4.65,22.0,1558735293378
0.0,0.0,4.65,22.0,1558735293480
0.0,0.0,4.65,22.0,1558735293580
0.0,0.0,4.65,22.0,1558735293681
0.0,0.0,4.65,22.0,1558735293782
0.0,0.0,4.68,22.0,1558735293883
0.0,0.0,4.68,22.0,1558735293985
0.0,0.0,4.68,22.0,1558735294086
0.0,0.0,4.68,22.0,1558735294188
0.0,0.0,4.68,22.0,1558735294289
0.0,0.0,4.68,22.0,1558735294390
0.0,0.0,4.68,22.0,1558735294494
0.0,0.0,4.68,22.0,1558735294593
0.0,0.0,4.68,22.0,1558735294694
0.0,0.0,4.68,22.0,1558735294796
0.0,0.0,4.68,22.0,1558735294897
0.0,0.0,4.68,22.0,1558735294998
0.0,0.0,4.68,22.0,1558735295100
0.0,0.0,4.68,22.0,1558735295201
0.0,0.0,4.68,22.0,1558735295302
0.0,0.0,4.68,22.0,1558735295404
0.0,0.0,4.68,22.0,1558735295507
0.0,0.0,4.68,22.0,1558735295606
0.0,0.0,4.68,22.0,1558735295708
35.162559509277344,139.61541748046875,4.68,22.0,1558735295708
0.0,0.0,4.68,22.0,1558735295809
0.0,0.0,4.68,22.0,1558735296012
0.0,0.0,4.68,22.0,1558735296113
0.0,0.0,4.68,22.0,1558735296214
0.0,0.0,4.68,22.0,1558735296316
0.0,0.0,4.68,22.0,1558735296465
0.0,0.0,4.68,22.0,1558735296520
0.0,0.0,4.68,22.0,1558735296620
0.0,0.0,4.68,22.0,1558735296721
0.0,0.0,4.68,22.0,1558735296822
0.0,0.0,4.68,22.0,1558735296924
0.0,0.0,4.68,22.0,1558735297025
0.0,0.0,4.68,22.0,1558735297126
0.0,0.0,4.68,22.0,1558735297734
0.0,0.0,4.68,22.0,1558735297740
0.0,0.0,4.68,22.0,1558735297741
0.0,0.0,4.68,22.0,1558735297741
0.0,0.0,4.65,22.0,1558735297741
0.0,0.0,4.65,22.0,1558735297741
0.0,0.0,4.65,22.0,1558735297835
0.0,0.0,4.65,22.0,1558735297937
0.0,0.0,4.65,22.0,1558735298038
0.0,0.0,4.65,22.0,1558735298139
0.0,0.0,4.65,22.0,1558735298241
0.0,0.0,4.65,22.0,1558735298342
0.0,0.0,4.65,22.0,1558735298444
0.0,0.0,4.65,22.0,1558735298547
0.0,0.0,4.65,22.0,1558735298646
0.0,0.0,4.65,22.0,1558735298820
0.0,0.0,4.65,22.0,1558735298849
0.0,0.0,4.65,22.0,1558735298950
0.0,0.0,4.65,22.0,1558735299051
0.0,0.0,4.65,22.0,1558735299152
35.16257095336914,139.6154022216797,4.65,22.0,1558735299153
0.0,0.0,4.65,22.0,1558735299254
0.0,0.0,4.65,22.0,1558735299357
0.0,0.0,4.65,22.0,1558735299456
0.0,0.0,4.65,21.0,1558735299560
0.0,0.0,4.65,21.0,1558735299772
0.0,0.0,4.65,21.0,1558735299773
0.0,0.0,4.65,21.0,1558735299862
0.0,0.0,4.65,21.0,1558735300044
0.0,0.0,4.65,21.0,1558735300064
0.0,0.0,4.65,21.0,1558735300165
0.0,0.0,4.65,21.0,1558735300329
0.0,0.0,4.65,21.0,1558735300369
0.0,0.0,4.65,21.0,1558735300612
0.0,0.0,4.65,21.0,1558735300613
0.0,0.0,4.65,21.0,1558735300672
0.0,0.0,4.65,21.0,1558735300888
0.0,0.0,4.65,21.0,1558735300889
0.0,0.0,4.65,21.0,1558735300976
0.0,0.0,4.65,21.0,1558735301185
0.0,0.0,4.65,21.0,1558735301186
0.0,0.0,4.65,21.0,1558735301280
0.0,0.0,4.65,21.0,1558735301488
35.16257858276367,139.6154022216797,4.65,21.0,1558735301488
0.0,0.0,4.65,21.0,1558735301489
0.0,0.0,4.65,21.0,1558735301586
0.0,0.0,4.65,21.0,1558735301794
0.0,0.0,4.65,21.0,1558735301795
0.0,0.0,4.65,21.0,1558735301889
0.0,0.0,4.65,21.0,1558735302102
0.0,0.0,4.65,21.0,1558735302116
0.0,0.0,4.65,21.0,1558735302192
0.0,0.0,4.65,21.0,1558735302406
0.0,0.0,4.65,21.0,1558735302406
0.0,0.0,4.65,21.0,1558735302496
0.0,0.0,4.65,21.0,1558735302713
0.0,0.0,4.65,21.0,1558735302714
0.0,0.0,4.65,21.0,1558735302800
0.0,0.0,4.65,21.0,1558735302901
0.0,0.0,4.65,21.0,1558735303585
0.0,0.0,4.65,21.0,1558735303586
0.0,0.0,4.65,21.0,1558735303587
0.0,0.0,4.68,21.0,1558735303587
0.0,0.0,4.68,21.0,1558735303587
0.0,0.0,4.68,21.0,1558735303587
0.0,0.0,4.68,21.0,1558735303613
0.0,0.0,4.68,21.0,1558735303712
0.0,0.0,4.68,21.0,1558735303814
35.16259765625,139.61538696289062,4.68,21.0,1558735303814
0.0,0.0,4.68,21.0,1558735303915
0.0,0.0,4.7,21.0,1558735304016
0.0,0.0,4.7,21.0,1558735304118
0.0,0.0,4.7,21.0,1558735304219
0.0,0.0,4.7,21.0,1558735304320
0.0,0.0,4.7,21.0,1558735304421
0.0,0.0,4.7,21.0,1558735304523
0.0,0.0,4.7,21.0,1558735304626
0.0,0.0,4.7,21.0,1558735304725
0.0,0.0,4.7,21.0,1558735304827
0.0,0.0,4.7,21.0,1558735304928
0.0,0.0,4.7,21.0,1558735305029
0.0,0.0,4.7,21.0,1558735305131
0.0,0.0,4.7,21.0,1558735305232
0.0,0.0,4.7,21.0,1558735305333
0.0,0.0,4.7,21.0,1558735305436
0.0,0.0,4.7,21.0,1558735305537
0.0,0.0,4.7,21.0,1558735305639
0.0,0.0,4.73,21.0,1558735305739
0.0,0.0,4.73,21.0,1558735305840
0.0,0.0,4.73,21.0,1558735305941
0.0,0.0,4.73,21.0,1558735306043
0.0,0.0,4.73,21.0,1558735306144
35.16260528564453,139.61537170410156,4.73,21.0,1558735306145
0.0,0.0,4.73,21.0,1558735306245
0.0,0.0,4.73,21.0,1558735306347
0.0,0.0,4.73,21.0,1558735306448
0.0,0.0,4.73,21.0,1558735306550
0.0,0.0,4.73,21.0,1558735306653
0.0,0.0,4.73,21.0,1558735306752
0.0,0.0,4.76,21.0,1558735306853
0.0,0.0,4.76,21.0,1558735306955
0.0,0.0,4.76,21.0,1558735307056
0.0,0.0,4.76,21.0,1558735307158
0.0,0.0,4.76,21.0,1558735307259
0.0,0.0,4.76,21.0,1558735307360
0.0,0.0,4.76,21.0,1558735307461
0.0,0.0,4.76,21.0,1558735307563
0.0,0.0,4.76,21.0,1558735307666
0.0,0.0,4.79,21.0,1558735307765
0.0,0.0,4.79,21.0,1558735307867
0.0,0.0,4.79,21.0,1558735308548
35.16262435913086,139.61537170410156,4.79,21.0,1558735308549
0.0,0.0,4.79,21.0,1558735308565
0.0,0.0,4.79,21.0,1558735308566
0.0,0.0,4.81,21.0,1558735308566
0.0,0.0,4.81,21.0,1558735308566
0.0,0.0,4.81,21.0,1558735308577
0.0,0.0,4.81,21.0,1558735308679
0.0,0.0,4.81,21.0,1558735308779
0.0,0.0,4.81,21.0,1558735308881
0.0,0.0,4.81,21.0,1558735308981
0.0,0.0,4.81,21.0,1558735309082
0.0,0.0,4.81,21.0,1558735309184
0.0,0.0,4.81,21.0,1558735309285
0.0,0.0,4.81,21.0,1558735309386
0.0,0.0,4.81,21.0,1558735309491
0.0,0.0,4.81,22.0,1558735309589
0.0,0.0,4.81,22.0,1558735309692
0.0,0.0,4.81,22.0,1558735309792
0.0,0.0,4.81,22.0,1558735309893
0.0,0.0,4.81,22.0,1558735310186
0.0,0.0,4.81,22.0,1558735310197
0.0,0.0,4.84,22.0,1558735310298
0.0,0.0,4.84,22.0,1558735310400
0.0,0.0,4.84,22.0,1558735310501
0.0,0.0,4.84,22.0,1558735310602
0.0,0.0,4.84,22.0,1558735310706
0.0,0.0,4.84,22.0,1558735310808
0.0,0.0,4.84,22.0,1558735310906
35.16264724731445,139.6153564453125,4.84,22.0,1558735310907
0.0,0.0,4.84,22.0,1558735311008
0.0,0.0,4.84,22.0,1558735311110
0.0,0.0,4.87,22.0,1558735311210
0.0,0.0,4.87,22.0,1558735311311
0.0,0.0,4.87,22.0,1558735311413
0.0,0.0,4.87,22.0,1558735311514
0.0,0.0,4.87,22.0,1558735311617
0.0,0.0,4.87,22.0,1558735311719
0.0,0.0,4.87,22.0,1558735311818
0.0,0.0,4.87,22.0,1558735311919
0.0,0.0,4.87,22.0,1558735312021
0.0,0.0,4.9,22.0,1558735312122
0.0,0.0,4.9,22.0,1558735312224
0.0,0.0,4.9,22.0,1558735312325
0.0,0.0,4.9,22.0,1558735312427
0.0,0.0,4.9,22.0,1558735312528
0.0,0.0,4.9,22.0,1558735312629
0.0,0.0,4.9,22.0,1558735312732
0.0,0.0,4.92,22.0,1558735312832
0.0,0.0,4.92,22.0,1558735312933
0.0,0.0,4.92,22.0,1558735313566
0.0,0.0,4.92,22.0,1558735313567
0.0,0.0,4.92,22.0,1558735313567
0.0,0.0,4.92,22.0,1558735313568
0.0,0.0,4.95,22.0,1558735313571
0.0,0.0,4.95,22.0,1558735313572
0.0,0.0,4.95,22.0,1558735313642
0.0,0.0,4.95,22.0,1558735313746
0.0,0.0,4.95,22.0,1558735313849
0.0,0.0,4.98,22.0,1558735313946
0.0,0.0,4.95,22.0,1558735314048
0.0,0.0,4.95,22.0,1558735314149
0.0,0.0,4.95,22.0,1558735314250
0.0,0.0,4.95,22.0,1558735314352
0.0,0.0,4.95,22.0,1558735314453
0.0,0.0,4.98,21.0,1558735314554
0.0,0.0,4.98,21.0,1558735314656
35.16270065307617,139.6153106689453,4.98,21.0,1558735314659
0.0,0.0,4.98,21.0,1558735314759
0.0,0.0,4.98,21.0,1558735314858
0.0,0.0,4.98,21.0,1558735314960
0.0,0.0,4.98,21.0,1558735315061
0.0,0.0,4.98,21.0,1558735315162
0.0,0.0,4.98,21.0,1558735315264
0.0,0.0,4.98,21.0,1558735315365
0.0,0.0,4.98,21.0,1558735315466
0.0,0.0,4.98,21.0,1558735315568
0.0,0.0,4.98,21.0,1558735315670
0.0,0.0,4.98,21.0,1558735315772
0.0,0.0,4.98,21.0,1558735315872
0.0,0.0,4.98,21.0,1558735315973
0.0,0.0,4.98,21.0,1558735316077
0.0,0.0,4.95,21.0,1558735316176
0.0,0.0,4.95,21.0,1558735316277
0.0,0.0,4.95,21.0,1558735316378
0.0,0.0,4.95,21.0,1558735316480
0.0,0.0,4.98,21.0,1558735316638
0.0,0.0,4.95,21.0,1558735316683
0.0,0.0,4.95,21.0,1558735316786
0.0,0.0,4.95,21.0,1558735316885
0.0,0.0,4.95,21.0,1558735316986
0.0,0.0,4.95,21.0,1558735317088
0.0,0.0,4.95,21.0,1558735317189
0.0,0.0,4.95,21.0,1558735317290
0.0,0.0,4.95,21.0,1558735317392
0.0,0.0,4.95,21.0,1558735317493
0.0,0.0,4.95,21.0,1558735317594
0.0,0.0,4.98,21.0,1558735317696
0.0,0.0,4.98,21.0,1558735317800
0.0,0.0,4.98,21.0,1558735317899
0.0,0.0,4.98,21.0,1558735318481
0.0,0.0,4.98,21.0,1558735318482
0.0,0.0,4.98,21.0,1558735318482
0.0,0.0,4.98,21.0,1558735318483
0.0,0.0,4.98,21.0,1558735318483
35.162757873535156,139.6152801513672,4.98,21.0,1558735318485
0.0,0.0,5.01,21.0,1558735318507
0.0,0.0,5.01,21.0,1558735318608
0.0,0.0,5.01,21.0,1558735318709
0.0,0.0,5.01,21.0,1558735318812
0.0,0.0,5.01,21.0,1558735318912
0.0,0.0,5.03,21.0,1558735319013
0.0,0.0,5.03,21.0,1558735319114
0.0,0.0,5.03,21.0,1558735319216
0.0,0.0,5.03,21.0,1558735319317
0.0,0.0,5.06,21.0,1558735319420
0.0,0.0,5.06,21.0,1558735319520
0.0,0.0,5.06,21.0,1558735319778
0.0,0.0,5.06,21.0,1558735319780
0.0,0.0,5.09,21.0,1558735319826
0.0,0.0,5.09,21.0,1558735320059
0.0,0.0,5.09,21.0,1558735320060
0.0,0.0,5.09,21.0,1558735320128
0.0,0.0,5.09,21.0,1558735320347
0.0,0.0,5.12,21.0,1558735320348
0.0,0.0,5.12,21.0,1558735320433
0.0,0.0,5.12,21.0,1558735320629
0.0,0.0,5.12,21.0,1558735320634
0.0,0.0,5.12,21.0,1558735320736
0.0,0.0,5.12,21.0,1558735320916
0.0,0.0,5.12,21.0,1558735320938
0.0,0.0,5.14,21.0,1558735321202
0.0,0.0,5.14,21.0,1558735321202
0.0,0.0,5.14,21.0,1558735321243
0.0,0.0,5.14,21.0,1558735321505
0.0,0.0,5.14,21.0,1558735321506
0.0,0.0,5.17,21.0,1558735321547
0.0,0.0,5.17,21.0,1558735321811
0.0,0.0,5.17,21.0,1558735321812
0.0,0.0,5.17,21.0,1558735321853
0.0,0.0,5.17,21.0,1558735322122
35.16281509399414,139.61521911621094,5.17,21.0,1558735322122
0.0,0.0,5.17,21.0,1558735322123
0.0,0.0,5.17,21.0,1558735322154
0.0,0.0,5.17,21.0,1558735322428
0.0,0.0,5.17,21.0,1558735322429
0.0,0.0,5.17,21.0,1558735322458
0.0,0.0,5.17,21.0,1558735322735
0.0,0.0,5.17,21.0,1558735322735
0.0,0.0,5.17,21.0,1558735322763
0.0,0.0,5.14,21.0,1558735322866
0.0,0.0,5.14,21.0,1558735323910
0.0,0.0,5.14,21.0,1558735323931
0.0,0.0,5.14,21.0,1558735323932
0.0,0.0,5.14,21.0,1558735323932
0.0,0.0,5.14,21.0,1558735323932
0.0,0.0,5.14,21.0,1558735323933
0.0,0.0,5.12,21.0,1558735323933
0.0,0.0,5.12,21.0,1558735323933
0.0,0.0,5.12,21.0,1558735323934
0.0,0.0,5.12,21.0,1558735323979
0.0,0.0,5.12,21.0,1558735324181
0.0,0.0,5.12,21.0,1558735324283
0.0,0.0,5.12,21.0,1558735324384
0.0,0.0,5.12,21.0,1558735324485
0.0,0.0,5.12,21.0,1558735324587
0.0,0.0,5.12,21.0,1558735324688
0.0,0.0,5.12,21.0,1558735324789
0.0,0.0,5.09,21.0,1558735324893
0.0,0.0,5.09,21.0,1558735324992
0.0,0.0,5.09,21.0,1558735325095
0.0,0.0,5.09,21.0,1558735325194
0.0,0.0,5.09,21.0,1558735325296
0.0,0.0,5.09,21.0,1558735325397
0.0,0.0,5.12,21.0,1558735325498
0.0,0.0,5.12,21.0,1558735325600
0.0,0.0,5.12,21.0,1558735325701
0.0,0.0,5.12,21.0,1558735325803
0.0,0.0,5.12,21.0,1558735325906
0.0,0.0,5.12,21.0,1558735326005
0.0,0.0,5.12,21.0,1558735326107
0.0,0.0,5.12,21.0,1558735326208
0.0,0.0,5.12,21.0,1558735326309
0.0,0.0,5.12,21.0,1558735326411
0.0,0.0,5.12,21.0,1558735326512
0.0,0.0,5.12,21.0,1558735326613
0.0,0.0,5.12,21.0,1558735326715
35.1628303527832,139.61520385742188,5.12,21.0,1558735326715
0.0,0.0,5.12,21.0,1558735326816
0.0,0.0,5.12,21.0,1558735326982
0.0,0.0,5.12,21.0,1558735327019
0.0,0.0,5.12,21.0,1558735327120
0.0,0.0,5.12,21.0,1558735327221
0.0,0.0,5.12,21.0,1558735327323
0.0,0.0,5.12,21.0,1558735327426
0.0,0.0,5.12,21.0,1558735327525
0.0,0.0,5.09,21.0,1558735327627
0.0,0.0,5.09,21.0,1558735327728
0.0,0.0,5.09,21.0,1558735327829
0.0,0.0,5.09,21.0,1558735327934
0.0,0.0,5.09,21.0,1558735328516
0.0,0.0,5.09,21.0,1558735328518
0.0,0.0,5.09,21.0,1558735328518
0.0,0.0,5.09,21.0,1558735328519
0.0,0.0,5.09,21.0,1558735328519
0.0,0.0,5.09,21.0,1558735328538
0.0,0.0,5.09,21.0,1558735328640
0.0,0.0,5.09,21.0,1558735328741
0.0,0.0,5.06,21.0,1558735328843
0.0,0.0,5.06,21.0,1558735328946
0.0,0.0,5.06,21.0,1558735329045
0.0,0.0,5.06,21.0,1558735329146
0.0,0.0,5.03,21.0,1558735329248
0.0,0.0,5.03,21.0,1558735329349
0.0,0.0,5.03,21.0,1558735329451
0.0,0.0,5.03,21.0,1558735329552
0.0,0.0,5.03,21.0,1558735329653
0.0,0.0,5.01,21.0,1558735329754
0.0,0.0,5.01,21.0,1558735329856
0.0,0.0,5.01,21.0,1558735329959
0.0,0.0,5.01,21.0,1558735330058
0.0,0.0,5.01,21.0,1558735330160
0.0,0.0,5.01,21.0,1558735330261
0.0,0.0,5.01,21.0,1558735330363
0.0,0.0,5.01,21.0,1558735330464
0.0,0.0,5.01,21.0,1558735330565
0.0,0.0,5.01,21.0,1558735330667
0.0,0.0,5.01,21.0,1558735330768
0.0,0.0,5.01,21.0,1558735330869
0.0,0.0,5.01,21.0,1558735330973
0.0,0.0,5.01,21.0,1558735331072
0.0,0.0,5.01,21.0,1558735331173
35.16284942626953,139.61517333984375,5.01,21.0,1558735331173
0.0,0.0,4.98,21.0,1558735331274
0.0,0.0,4.98,21.0,1558735331376
0.0,0.0,4.98,21.0,1558735331477
0.0,0.0,4.98,21.0,1558735331578
0.0,0.0,4.98,21.0,1558735331680
0.0,0.0,4.98,21.0,1558735331781
0.0,0.0,4.98,21.0,1558735331882
0.0,0.0,4.98,21.0,1558735331986
0.0,0.0,4.98,21.0,1558735332085
0.0,0.0,4.98,21.0,1558735332186
0.0,0.0,4.98,21.0,1558735332287
0.0,0.0,4.98,21.0,1558735332389
0.0,0.0,4.98,21.0,1558735332490
0.0,0.0,4.98,21.0,1558735332591
0.0,0.0,4.98,21.0,1558735332693
0.0,0.0,4.98,21.0,1558735332794
0.0,0.0,4.98,21.0,1558735332895
0.0,0.0,4.98,21.0,1558735333051
0.0,0.0,4.98,21.0,1558735333099
0.0,0.0,4.98,21.0,1558735333200
0.0,0.0,4.98,21.0,1558735333301
0.0,0.0,4.98,21.0,1558735333402
35.16285705566406,139.6151580810547,4.98,21.0,1558735333403
0.0,0.0,4.98,21.0,1558735333504
0.0,0.0,4.98,21.0,1558735334149
0.0,0.0,4.98,21.0,1558735334150
0.0,0.0,4.95,21.0,1558735334150
0.0,0.0,4.95,21.0,1558735334151
0.0,0.0,4.95,21.0,1558735334151
0.0,0.0,4.95,21.0,1558735334151
0.0,0.0,4.95,21.0,1558735334213
0.0,0.0,4.95,21.0,1558735334415
0.0,0.0,4.95,21.0,1558735334517
0.0,0.0,4.95,21.0,1558735334618
0.0,0.0,4.95,21.0,1558735334719
0.0,0.0,4.95,21.0,1558735334821
0.0,0.0,4.95,21.0,1558735334923
0.0,0.0,4.95,21.0,1558735335026
0.0,0.0,4.95,21.0,1558735335125
0.0,0.0,4.95,21.0,1558735335226
0.0,0.0,4.95,21.0,1558735335327
0.0,0.0,4.95,21.0,1558735335429
0.0,0.0,4.95,21.0,1558735335530
0.0,0.0,4.95,21.0,1558735335632
0.0,0.0,4.95,21.0,1558735335733
35.16286087036133,139.61514282226562,4.95,21.0,1558735335733
0.0,0.0,4.95,21.0,1558735335834
0.0,0.0,4.95,21.0,1558735335936
0.0,0.0,4.95,21.0,1558735336039
0.0,0.0,4.95,21.0,1558735336138
0.0,0.0,4.95,21.0,1558735336242
0.0,0.0,4.95,21.0,1558735336341
0.0,0.0,4.95,21.0,1558735336442
0.0,0.0,4.95,21.0,1558735336543
0.0,0.0,4.95,21.0,1558735336645
0.0,0.0,4.95,21.0,1558735336746
0.0,0.0,4.95,21.0,1558735336847
0.0,0.0,4.95,21.0,1558735336949
0.0,0.0,4.98,21.0,1558735337052
0.0,0.0,4.98,21.0,1558735337151
0.0,0.0,4.98,21.0,1558735337253
0.0,0.0,4.98,21.0,1558735337354
0.0,0.0,4.98,21.0,1558735337456
0.0,0.0,4.98,21.0,1558735337562
0.0,0.0,4.98,21.0,1558735337658
0.0,0.0,4.98,21.0,1558735337760
0.0,0.0,4.98,21.0,1558735337861
0.0,0.0,4.95,21.0,1558735337965
0.0,0.0,4.95,21.0,1558735338067
0.0,0.0,4.95,21.0,1558735338171
0.0,0.0,4.95,21.0,1558735338268
0.0,0.0,4.95,21.0,1558735338369
0.0,0.0,4.95,21.0,1558735338471
0.0,0.0,4.95,21.0,1558735338572
0.0,0.0,4.95,21.0,1558735339268
35.162872314453125,139.61512756347656,4.95,21.0,1558735339268
0.0,0.0,4.95,21.0,1558735339282
0.0,0.0,4.95,21.0,1558735339285
0.0,0.0,4.95,21.0,1558735339286
0.0,0.0,4.92,21.0,1558735339286
0.0,0.0,4.92,21.0,1558735339286
0.0,0.0,4.92,21.0,1558735339286
0.0,0.0,4.92,21.0,1558735339383
0.0,0.0,4.92,21.0,1558735339486
0.0,0.0,4.92,21.0,1558735339585
0.0,0.0,4.92,21.0,1558735339787
0.0,0.0,4.92,21.0,1558735339789
0.0,0.0,4.92,21.0,1558735339889
0.0,0.0,4.92,21.0,1558735340068
0.0,0.0,4.92,21.0,1558735340096
0.0,0.0,4.92,21.0,1558735340363
0.0,0.0,4.92,21.0,1558735340364
0.0,0.0,4.92,21.0,1558735340397
0.0,0.0,4.92,21.0,1558735340657
0.0,0.0,4.92,21.0,1558735340658
0.0,0.0,4.92,21.0,1558735340700
0.0,0.0,4.92,21.0,1558735340933
0.0,0.0,4.92,21.0,1558735340934
0.0,0.0,4.92,21.0,1558735341005
0.0,0.0,4.92,21.0,1558735341219
0.0,0.0,4.9,21.0,1558735341220
0.0,0.0,4.9,21.0,1558735341310
0.0,0.0,4.9,21.0,1558735341521
0.0,0.0,4.9,21.0,1558735341522
0.0,0.0,4.9,21.0,1558735341612
0.0,0.0,4.9,21.0,1558735341826
0.0,0.0,4.9,21.0,1558735341827
0.0,0.0,4.9,21.0,1558735341916
0.0,0.0,4.9,21.0,1558735342134
0.0,0.0,4.87,21.0,1558735342135
0.0,0.0,4.87,21.0,1558735342220
0.0,0.0,4.87,21.0,1558735342440
0.0,0.0,4.87,21.0,1558735342458
0.0,0.0,4.87,21.0,1558735342524
0.0,0.0,4.87,21.0,1558735342744
0.0,0.0,4.87,21.0,1558735342745
0.0,0.0,4.87,21.0,1558735342828
35.16287612915039,139.61509704589844,4.87,21.0,1558735342828
0.0,0.0,4.87,21.0,1558735342929
0.0,0.0,4.87,21.0,1558735343031
0.0,0.0,4.87,21.0,1558735343134
0.0,0.0,4.84,21.0,1558735343233
0.0,0.0,4.84,21.0,1558735343334
0.0,0.0,4.84,21.0,1558735343436
0.0,0.0,4.84,21.0,1558735343538
0.0,0.0,4.84,21.0,1558735344183
0.0,0.0,4.81,21.0,1558735344184
0.0,0.0,4.81,21.0,1558735344184
0.0,0.0,4.81,21.0,1558735344185
0.0,0.0,4.81,21.0,1558735344186
0.0,0.0,4.81,21.0,1558735344187
0.0,0.0,4.81,21.0,1558735344246
0.0,0.0,4.81,21.0,1558735344348
0.0,0.0,4.81,21.0,1558735344449
0.0,0.0,4.79,22.0,1558735344652
0.0,0.0,4.79,22.0,1558735344753
0.0,0.0,4.79,22.0,1558735344854
0.0,0.0,4.79,22.0,1558735344956
0.0,0.0,4.79,22.0,1558735345057
35.16287612915039,139.61508178710938,4.79,22.0,1558735345059
0.0,0.0,4.79,22.0,1558735345161
0.0,0.0,4.79,22.0,1558735345265
0.0,0.0,4.79,22.0,1558735345361
0.0,0.0,4.79,22.0,1558735345462
0.0,0.0,4.79,22.0,1558735345564
0.0,0.0,4.79,22.0,1558735345665
0.0,0.0,4.79,22.0,1558735345766
0.0,0.0,4.79,22.0,1558735345868
0.0,0.0,4.79,22.0,1558735345969
0.0,0.0,4.76,22.0,1558735346071
0.0,0.0,4.76,22.0,1558735346174
0.0,0.0,4.76,22.0,1558735346273
0.0,0.0,4.76,22.0,1558735346374
0.0,0.0,4.76,22.0,1558735346475
0.0,0.0,4.76,22.0,1558735346577
0.0,0.0,4.76,22.0,1558735346678
0.0,0.0,4.76,22.0,1558735346779
0.0,0.0,4.76,22.0,1558735346881
0.0,0.0,4.76,22.0,1558735346983
0.0,0.0,4.76,22.0,1558735347083
0.0,0.0,4.76,22.0,1558735347187
0.0,0.0,4.76,22.0,1558735347286
0.0,0.0,4.76,22.0,1558735347387
0.0,0.0,4.76,22.0,1558735347489
0.0,0.0,4.76,22.0,1558735347590
0.0,0.0,4.76,22.0,1558735347691
0.0,0.0,4.76,22.0,1558735347793
0.0,0.0,4.76,22.0,1558735347894
0.0,0.0,4.76,22.0,1558735347995
0.0,0.0,4.76,22.0,1558735348099
0.0,0.0,4.76,22.0,1558735348200
0.0,0.0,4.76,22.0,1558735348299
0.0,0.0,4.73,22.0,1558735348411
0.0,0.0,4.73,22.0,1558735348502
35.162879943847656,139.6150665283203,4.73,22.0,1558735348503
0.0,0.0,4.73,22.0,1558735349100
0.0,0.0,4.73,22.0,1558735349101
0.0,0.0,4.73,22.0,1558735349101
0.0,0.0,4.73,22.0,1558735349102
0.0,0.0,4.73,22.0,1558735349102
0.0,0.0,4.73,22.0,1558735349110
0.0,0.0,4.73,22.0,1558735349213
0.0,0.0,4.73,22.0,1558735349313
0.0,0.0,4.73,22.0,1558735349414
0.0,0.0,4.73,22.0,1558735349515
0.0,0.0,4.73,21.0,1558735349617
0.0,0.0,4.76,21.0,1558735349718
0.0,0.0,4.76,21.0,1558735349820
0.0,0.0,4.76,21.0,1558735349921
0.0,0.0,4.76,21.0,1558735350022
0.0,0.0,4.76,21.0,1558735350123
0.0,0.0,4.76,21.0,1558735350227
0.0,0.0,4.76,21.0,1558735350326
0.0,0.0,4.76,21.0,1558735350427
0.0,0.0,4.76,21.0,1558735350528
0.0,0.0,4.76,21.0,1558735350631
0.0,0.0,4.76,21.0,1558735350731
35.16288757324219,139.61505126953125,4.76,21.0,1558735350732
0.0,0.0,4.76,21.0,1558735350833
0.0,0.0,4.79,21.0,1558735350934
0.0,0.0,4.79,21.0,1558735351035
0.0,0.0,4.79,21.0,1558735351136
0.0,0.0,4.79,21.0,1558735351240
0.0,0.0,4.79,21.0,1558735351339
0.0,0.0,4.79,21.0,1558735351440
0.0,0.0,4.79,21.0,1558735351543
0.0,0.0,4.79,21.0,1558735351643
0.0,0.0,4.79,21.0,1558735351744
0.0,0.0,4.79,21.0,1558735351846
0.0,0.0,4.79,21.0,1558735351949
0.0,0.0,4.81,21.0,1558735352048
0.0,0.0,4.81,21.0,1558735352150
0.0,0.0,4.81,21.0,1558735352253
0.0,0.0,4.81,21.0,1558735352352
0.0,0.0,4.81,21.0,1558735352454
0.0,0.0,4.84,21.0,1558735352555
0.0,0.0,4.84,21.0,1558735352656
0.0,0.0,4.84,21.0,1558735352758
0.0,0.0,4.84,21.0,1558735352859
0.0,0.0,4.84,21.0,1558735352960
0.0,0.0,4.84,21.0,1558735353062
0.0,0.0,4.84,21.0,1558735353163
0.0,0.0,4.84,21.0,1558735353266
0.0,0.0,4.84,21.0,1558735353366
0.0,0.0,4.84,21.0,1558735353467
0.0,0.0,4.84,21.0,1558735353568
0.0,0.0,4.84,21.0,1558735354218
0.0,0.0,4.84,21.0,1558735354219
35.16290283203125,139.61502075195312,4.84,21.0,1558735354219
0.0,0.0,4.84,21.0,1558735354221
0.0,0.0,4.84,21.0,1558735354221
0.0,0.0,4.84,21.0,1558735354221
0.0,0.0,4.84,21.0,1558735354221
0.0,0.0,4.84,21.0,1558735354280
0.0,0.0,4.84,21.0,1558735354379
0.0,0.0,4.84,21.0,1558735354480
0.0,0.0,4.87,21.0,1558735354581
0.0,0.0,4.87,21.0,1558735354683
0.0,0.0,4.87,21.0,1558735354784
0.0,0.0,4.87,21.0,1558735354885
0.0,0.0,4.87,21.0,1558735354990
0.0,0.0,4.87,21.0,1558735355088
0.0,0.0,4.87,21.0,1558735355189
0.0,0.0,4.87,21.0,1558735355293
0.0,0.0,4.87,21.0,1558735355392
0.0,0.0,4.84,21.0,1558735355493
0.0,0.0,4.84,21.0,1558735355595
0.0,0.0,4.84,21.0,1558735355698
0.0,0.0,4.84,21.0,1558735355797
0.0,0.0,4.84,21.0,1558735355899
0.0,0.0,4.84,21.0,1558735356000
0.0,0.0,4.84,21.0,1558735356103
0.0,0.0,4.84,21.0,1558735356204
0.0,0.0,4.84,21.0,1558735356306
0.0,0.0,4.84,21.0,1558735356405
0.0,0.0,4.84,21.0,1558735356507
35.16291427612305,139.61500549316406,4.84,21.0,1558735356508
0.0,0.0,4.84,21.0,1558735356608
0.0,0.0,4.84,21.0,1558735356709
0.0,0.0,4.84,21.0,1558735356811
0.0,0.0,4.84,21.0,1558735356912
0.0,0.0,4.84,21.0,1558735357014
0.0,0.0,4.84,21.0,1558735357115
0.0,0.0,4.81,21.0,1558735357216
0.0,0.0,4.81,21.0,1558735357319
0.0,0.0,4.81,21.0,1558735357419
0.0,0.0,4.81,21.0,1558735357520
0.0,0.0,4.81,21.0,1558735357622
0.0,0.0,4.81,21.0,1558735357723
0.0,0.0,4.81,21.0,1558735357824
0.0,0.0,4.81,21.0,1558735357925
0.0,0.0,4.81,21.0,1558735358027
0.0,0.0,4.81,21.0,1558735358128
0.0,0.0,4.81,21.0,1558735358230
0.0,0.0,4.81,21.0,1558735358333
0.0,0.0,4.81,21.0,1558735358432
0.0,0.0,4.81,21.0,1558735358533
0.0,0.0,4.81,21.0,1558735358651
0.0,0.0,4.81,21.0,1558735358736
0.0,0.0,4.81,21.0,1558735358928
0.0,0.0,4.81,21.0,1558735358939
0.0,0.0,4.81,21.0,1558735359544
0.0,0.0,4.81,21.0,1558735359545
0.0,0.0,4.81,21.0,1558735359545
0.0,0.0,4.81,21.0,1558735359546
0.0,0.0,4.81,21.0,1558735359546
0.0,0.0,4.81,21.0,1558735359547
0.0,0.0,4.81,21.0,1558735359795
0.0,0.0,4.81,21.0,1558735359795
0.0,0.0,4.81,21.0,1558735359851
0.0,0.0,4.81,21.0,1558735360066
0.0,0.0,4.79,21.0,1558735360067
0.0,0.0,4.81,21.0,1558735360155
0.0,0.0,4.81,21.0,1558735360353
0.0,0.0,4.81,21.0,1558735360359
0.0,0.0,4.81,21.0,1558735360458
0.0,0.0,4.81,21.0,1558735360633
0.0,0.0,4.81,21.0,1558735360661
0.0,0.0,4.81,21.0,1558735360913
0.0,0.0,4.81,21.0,1558735360914
0.0,0.0,4.81,21.0,1558735360965
35.16293716430664,139.61497497558594,4.81,21.0,1558735361101
0.0,0.0,4.81,21.0,1558735361212
0.0,0.0,4.81,21.0,1558735361213
0.0,0.0,4.84,21.0,1558735361269
0.0,0.0,4.84,21.0,1558735361514
0.0,0.0,4.84,21.0,1558735361514
0.0,0.0,4.84,21.0,1558735361573
0.0,0.0,4.84,21.0,1558735361820
0.0,0.0,4.84,21.0,1558735361821
0.0,0.0,4.84,21.0,1558735361878
0.0,0.0,4.84,21.0,1558735362129
0.0,0.0,4.84,21.0,1558735362130
0.0,0.0,4.84,21.0,1558735362181
0.0,0.0,4.84,21.0,1558735362435
0.0,0.0,4.84,21.0,1558735362435
0.0,0.0,4.84,21.0,1558735362491
0.0,0.0,4.84,21.0,1558735362741
0.0,0.0,4.84,21.0,1558735362742
0.0,0.0,4.84,21.0,1558735362790
0.0,0.0,4.84,21.0,1558735362890
0.0,0.0,4.84,21.0,1558735362992
0.0,0.0,4.87,21.0,1558735363093
0.0,0.0,4.87,21.0,1558735363194
0.0,0.0,4.87,21.0,1558735363296
0.0,0.0,4.87,21.0,1558735363399
35.16295623779297,139.61495971679688,4.87,21.0,1558735363400
0.0,0.0,4.87,21.0,1558735363498
0.0,0.0,4.87,21.0,1558735363600
0.0,0.0,4.87,21.0,1558735363701
0.0,0.0,4.87,21.0,1558735363803
0.0,0.0,4.9,21.0,1558735363904
0.0,0.0,4.9,21.0,1558735364005
0.0,0.0,4.9,21.0,1558735364561
0.0,0.0,4.9,21.0,1558735364562
0.0,0.0,4.87,21.0,1558735364562
0.0,0.0,4.87,21.0,1558735364562
0.0,0.0,4.87,21.0,1558735364562
0.0,0.0,4.87,21.0,1558735364613
0.0,0.0,4.87,21.0,1558735364714
0.0,0.0,4.87,21.0,1558735364816
0.0,0.0,4.87,21.0,1558735364917
0.0,0.0,4.87,21.0,1558735365018
0.0,0.0,4.87,21.0,1558735365119
0.0,0.0,4.87,21.0,1558735365221
0.0,0.0,4.9,21.0,1558735365322
0.0,0.0,4.9,21.0,1558735365426
0.0,0.0,4.9,21.0,1558735365525
0.0,0.0,4.9,21.0,1558735365629
0.0,0.0,4.9,21.0,1558735365728
35.16297149658203,139.61492919921875,4.9,21.0,1558735365729
0.0,0.0,4.9,21.0,1558735365829
0.0,0.0,4.9,21.0,1558735365930
0.0,0.0,4.9,21.0,1558735366032
0.0,0.0,4.9,21.0,1558735366133
0.0,0.0,4.9,21.0,1558735366235
0.0,0.0,4.9,21.0,1558735366336
0.0,0.0,4.9,21.0,1558735366439
0.0,0.0,4.9,21.0,1558735366538
0.0,0.0,4.9,21.0,1558735366640
0.0,0.0,4.9,21.0,1558735366741
0.0,0.0,4.9,21.0,1558735366843
0.0,0.0,4.9,21.0,1558735366944
0.0,0.0,4.9,21.0,1558735367045
0.0,0.0,4.9,21.0,1558735367147
0.0,0.0,4.9,21.0,1558735367248
0.0,0.0,4.9,21.0,1558735367349
0.0,0.0,4.9,21.0,1558735367453
0.0,0.0,4.9,21.0,1558735367552
0.0,0.0,4.9,21.0,1558735367653
0.0,0.0,4.9,21.0,1558735367754
0.0,0.0,4.9,21.0,1558735367856
0.0,0.0,4.9,21.0,1558735367965
0.0,0.0,4.9,21.0,1558735368058
0.0,0.0,4.9,21.0,1558735368160
0.0,0.0,4.9,21.0,1558735368261
0.0,0.0,4.9,21.0,1558735368363
0.0,0.0,4.9,21.0,1558735368466
0.0,0.0,4.9,21.0,1558735368565
0.0,0.0,4.9,21.0,1558735368666
0.0,0.0,4.9,21.0,1558735368768
0.0,0.0,4.9,21.0,1558735368971
0.0,0.0,4.9,21.0,1558735369681
0.0,0.0,4.9,21.0,1558735369682
0.0,0.0,4.9,21.0,1558735369682
0.0,0.0,4.9,21.0,1558735369683
0.0,0.0,4.92,21.0,1558735369683
0.0,0.0,4.92,21.0,1558735369683
35.16301345825195,139.61489868164062,4.92,21.0,1558735369684
0.0,0.0,4.92,21.0,1558735369688
0.0,0.0,4.92,21.0,1558735369781
0.0,0.0,4.92,21.0,1558735369883
0.0,0.0,4.92,21.0,1558735369985
0.0,0.0,4.92,21.0,1558735370087
0.0,0.0,4.92,21.0,1558735370187
0.0,0.0,4.92,21.0,1558735370288
0.0,0.0,4.92,21.0,1558735370390
0.0,0.0,4.92,21.0,1558735370493
0.0,0.0,4.92,21.0,1558735370592
0.0,0.0,4.92,21.0,1558735370693
0.0,0.0,4.92,21.0,1558735370796
0.0,0.0,4.92,21.0,1558735370896
0.0,0.0,4.92,21.0,1558735370997
0.0,0.0,4.92,21.0,1558735371100
0.0,0.0,4.92,21.0,1558735371200
0.0,0.0,4.92,21.0,1558735371301
0.0,0.0,4.92,21.0,1558735371403
0.0,0.0,4.92,21.0,1558735371506
0.0,0.0,4.92,21.0,1558735371605
0.0,0.0,4.95,21.0,1558735371707
0.0,0.0,4.95,21.0,1558735371808
0.0,0.0,4.95,21.0,1558735371910
0.0,0.0,4.95,21.0,1558735372011
0.0,0.0,4.95,21.0,1558735372112
0.0,0.0,4.95,21.0,1558735372213
0.0,0.0,4.95,21.0,1558735372317
0.0,0.0,4.95,21.0,1558735372416
0.0,0.0,4.95,21.0,1558735372520
0.0,0.0,4.95,21.0,1558735372618
0.0,0.0,4.95,21.0,1558735372731
0.0,0.0,4.95,21.0,1558735372821
0.0,0.0,4.95,21.0,1558735372923
0.0,0.0,4.95,21.0,1558735373024
0.0,0.0,4.95,21.0,1558735373125
35.16305923461914,139.61485290527344,4.95,21.0,1558735373126
0.0,0.0,4.95,21.0,1558735373227
0.0,0.0,4.95,21.0,1558735373328
0.0,0.0,4.95,21.0,1558735373429
0.0,0.0,4.95,21.0,1558735373532
0.0,0.0,4.95,21.0,1558735373632
0.0,0.0,4.95,21.0,1558735373733
0.0,0.0,4.95,21.0,1558735373834
0.0,0.0,4.95,21.0,1558735373936
0.0,0.0,4.98,21.0,1558735374037
0.0,0.0,4.98,21.0,1558735374138
0.0,0.0,4.98,21.0,1558735374240
0.0,0.0,4.98,21.0,1558735374341
0.0,0.0,4.98,21.0,1558735374442
0.0,0.0,4.98,21.0,1558735374546
0.0,0.0,4.98,21.0,1558735374645
0.0,0.0,4.98,21.0,1558735374747
0.0,0.0,4.98,21.0,1558735374848
0.0,0.0,4.98,21.0,1558735374949
0.0,0.0,4.98,21.0,1558735375050
0.0,0.0,4.98,21.0,1558735375152
0.0,0.0,4.98,21.0,1558735375253
0.0,0.0,4.98,21.0,1558735375792
0.0,0.0,4.98,21.0,1558735375793
0.0,0.0,4.98,21.0,1558735375794
0.0,0.0,4.98,21.0,1558735375794
0.0,0.0,4.98,21.0,1558735375795
0.0,0.0,5.01,21.0,1558735375861
0.0,0.0,5.01,21.0,1558735375962
0.0,0.0,5.01,21.0,1558735376064
0.0,0.0,5.01,21.0,1558735376165
0.0,0.0,5.01,21.0,1558735376266
0.0,0.0,5.03,21.0,1558735376368
0.0,0.0,5.03,21.0,1558735376469
0.0,0.0,5.03,21.0,1558735376572
0.0,0.0,5.03,21.0,1558735376672
0.0,0.0,5.03,21.0,1558735376773
0.0,0.0,5.03,21.0,1558735376874
35.16310119628906,139.6148223876953,5.03,21.0,1558735376875
0.0,0.0,5.03,21.0,1558735376976
0.0,0.0,5.06,21.0,1558735377078
0.0,0.0,5.06,21.0,1558735377178
0.0,0.0,5.06,21.0,1558735377280
0.0,0.0,5.06,21.0,1558735377381
0.0,0.0,5.06,21.0,1558735377482
0.0,0.0,5.06,21.0,1558735377586
0.0,0.0,5.06,21.0,1558735377685
0.0,0.0,5.06,21.0,1558735377787
0.0,0.0,5.06,21.0,1558735377888
0.0,0.0,5.09,21.0,1558735377989
0.0,0.0,5.09,21.0,1558735378091
0.0,0.0,5.09,21.0,1558735378192
0.0,0.0,5.09,21.0,1558735378293
0.0,0.0,5.09,21.0,1558735378394
0.0,0.0,5.12,21.0,1558735378496
0.0,0.0,5.12,21.0,1558735378600
0.0,0.0,5.12,21.0,1558735378700
0.0,0.0,5.12,21.0,1558735378800
0.0,0.0,5.09,21.0,1558735378901
0.0,0.0,5.09,21.0,1558735379006
0.0,0.0,5.09,21.0,1558735379131
0.0,0.0,5.09,21.0,1558735379205
0.0,0.0,5.09,21.0,1558735379306
0.0,0.0,5.09,21.0,1558735379409
0.0,0.0,5.09,21.0,1558735379509
0.0,0.0,5.09,21.0,1558735379613
0.0,0.0,5.09,21.0,1558735379712
0.0,0.0,5.09,21.0,1558735379815
0.0,0.0,5.09,21.0,1558735379915
0.0,0.0,5.09,21.0,1558735380447
35.16313552856445,139.6147918701172,5.09,21.0,1558735380448
0.0,0.0,5.09,21.0,1558735380449
0.0,0.0,5.09,21.0,1558735380480
0.0,0.0,5.09,21.0,1558735380480
0.0,0.0,5.09,21.0,1558735380480
0.0,0.0,5.09,21.0,1558735380522
0.0,0.0,5.09,21.0,1558735380720
0.0,0.0,5.09,21.0,1558735380725
0.0,0.0,5.09,21.0,1558735380826
0.0,0.0,5.09,21.0,1558735380990
0.0,0.0,5.09,21.0,1558735381029
0.0,0.0,5.09,21.0,1558735381272
0.0,0.0,5.09,21.0,1558735381273
0.0,0.0,5.09,21.0,1558735381333
0.0,0.0,5.09,21.0,1558735381562
0.0,0.0,5.09,21.0,1558735381563
0.0,0.0,5.09,21.0,1558735381640
0.0,0.0,5.09,21.0,1558735381864
0.0,0.0,5.12,21.0,1558735381865
0.0,0.0,5.12,21.0,1558735381941
0.0,0.0,5.12,21.0,1558735382177
0.0,0.0,5.14,21.0,1558735382178
0.0,0.0,5.14,21.0,1558735382245
0.0,0.0,5.14,21.0,1558735382482
0.0,0.0,5.14,21.0,1558735382483
0.0,0.0,5.17,21.0,1558735382550
0.0,0.0,5.17,21.0,1558735382786
0.0,0.0,5.17,21.0,1558735382787
35.16314697265625,139.61477661132812,5.17,21.0,1558735382816
0.0,0.0,5.17,21.0,1558735382853
0.0,0.0,5.2,21.0,1558735383095
0.0,0.0,5.2,21.0,1558735383095
0.0,0.0,5.2,21.0,1558735383158
0.0,0.0,5.2,21.0,1558735383259
0.0,0.0,5.22,21.0,1558735383361
0.0,0.0,5.22,21.0,1558735383461
0.0,0.0,5.22,21.0,1558735383563
0.0,0.0,5.22,21.0,1558735383666
0.0,0.0,5.22,21.0,1558735383766
0.0,0.0,5.22,21.0,1558735383867
0.0,0.0,5.22,21.0,1558735383968
0.0,0.0,5.22,21.0,1558735384069
0.0,0.0,5.25,21.0,1558735384171
0.0,0.0,5.25,21.0,1558735384272
0.0,0.0,5.25,21.0,1558735384373
0.0,0.0,5.25,21.0,1558735384965
0.0,0.0,5.25,21.0,1558735384991
0.0,0.0,5.25,21.0,1558735384991
0.0,0.0,5.25,21.0,1558735384991
0.0,0.0,5.25,21.0,1558735384992
0.0,0.0,5.25,21.0,1558735384992
0.0,0.0,5.25,21.0,1558735385083
35.16316223144531,139.61476135253906,5.25,21.0,1558735385085
0.0,0.0,5.25,21.0,1558735385184
0.0,0.0,5.25,21.0,1558735385285
0.0,0.0,5.25,21.0,1558735385387
0.0,0.0,5.25,21.0,1558735385488
0.0,0.0,5.25,21.0,1558735385589
0.0,0.0,5.25,21.0,1558735385693
0.0,0.0,5.25,21.0,1558735385792
0.0,0.0,5.25,21.0,1558735385894
0.0,0.0,5.25,21.0,1558735385994
0.0,0.0,5.25,21.0,1558735386096
0.0,0.0,5.25,21.0,1558735386197
0.0,0.0,5.25,21.0,1558735386299
0.0,0.0,5.25,21.0,1558735386401
0.0,0.0,5.25,21.0,1558735386501
0.0,0.0,5.25,21.0,1558735386605
0.0,0.0,5.25,21.0,1558735386706
0.0,0.0,5.25,21.0,1558735386907
0.0,0.0,5.25,21.0,1558735387072
0.0,0.0,5.25,21.0,1558735387111
0.0,0.0,5.25,21.0,1558735387211
0.0,0.0,5.25,21.0,1558735387312
0.0,0.0,5.25,21.0,1558735387413
0.0,0.0,5.25,21.0,1558735387516
0.0,0.0,5.25,21.0,1558735387616
0.0,0.0,5.28,21.0,1558735387719
0.0,0.0,5.28,21.0,1558735387819
0.0,0.0,5.28,21.0,1558735387920
0.0,0.0,5.28,21.0,1558735388021
0.0,0.0,5.28,21.0,1558735388124
0.0,0.0,5.28,21.0,1558735388224
0.0,0.0,5.28,21.0,1558735388325
0.0,0.0,5.28,21.0,1558735388428
35.16320037841797,139.61471557617188,5.28,21.0,1558735388429
0.0,0.0,5.28,21.0,1558735388528
0.0,0.0,5.28,21.0,1558735388629
0.0,0.0,5.28,21.0,1558735388733
0.0,0.0,5.28,21.0,1558735388832
0.0,0.0,5.31,21.0,1558735388933
0.0,0.0,5.31,21.0,1558735389035
0.0,0.0,5.31,21.0,1558735389137
0.0,0.0,5.31,21.0,1558735389238
0.0,0.0,5.33,21.0,1558735389339
0.0,0.0,5.33,21.0,1558735389440
0.0,0.0,5.33,21.0,1558735390038
0.0,0.0,5.33,21.0,1558735390039
0.0,0.0,5.33,21.0,1558735390039
0.0,0.0,5.33,21.0,1558735390041
0.0,0.0,5.33,21.0,1558735390042
0.0,0.0,5.33,21.0,1558735390054
0.0,0.0,5.33,21.0,1558735390151
0.0,0.0,5.33,21.0,1558735390253
0.0,0.0,5.33,21.0,1558735390352
0.0,0.0,5.33,21.0,1558735390454
0.0,0.0,5.33,21.0,1558735390555
0.0,0.0,5.33,21.0,1558735390658
0.0,0.0,5.33,21.0,1558735390760
0.0,0.0,5.33,21.0,1558735390859
0.0,0.0,5.33,21.0,1558735390961
0.0,0.0,5.33,21.0,1558735391063
0.0,0.0,5.33,22.0,1558735391164
0.0,0.0,5.33,22.0,1558735391265
0.0,0.0,5.33,22.0,1558735391366
0.0,0.0,5.36,22.0,1558735391469
0.0,0.0,5.36,22.0,1558735391569
0.0,0.0,5.36,22.0,1558735391670
0.0,0.0,5.36,22.0,1558735391789
0.0,0.0,5.36,22.0,1558735391873
0.0,0.0,5.36,22.0,1558735391974
0.0,0.0,5.33,22.0,1558735392078
0.0,0.0,5.33,22.0,1558735392177
0.0,0.0,5.33,22.0,1558735392278
0.0,0.0,5.33,22.0,1558735392379
0.0,0.0,5.33,22.0,1558735392481
0.0,0.0,5.33,22.0,1558735392582
0.0,0.0,5.33,22.0,1558735392683
0.0,0.0,5.33,22.0,1558735392787
0.0,0.0,5.31,22.0,1558735392886
0.0,0.0,5.31,22.0,1558735392990
35.16324234008789,139.6146697998047,5.31,22.0,1558735392992
0.0,0.0,5.31,22.0,1558735393088
0.0,0.0,5.31,22.0,1558735393292
0.0,0.0,5.31,22.0,1558735393392
0.0,0.0,5.33,22.0,1558735393493
0.0,0.0,5.33,22.0,1558735393595
0.0,0.0,5.33,22.0,1558735393745
0.0,0.0,5.33,22.0,1558735393800
0.0,0.0,5.33,22.0,1558735393899
0.0,0.0,5.33,22.0,1558735394000
0.0,0.0,5.33,22.0,1558735394102
0.0,0.0,5.33,22.0,1558735394203
0.0,0.0,5.33,22.0,1558735394304
0.0,0.0,5.36,22.0,1558735394406
0.0,0.0,5.36,22.0,1558735394507
0.0,0.0,5.36,22.0,1558735395062
0.0,0.0,5.36,22.0,1558735395065
0.0,0.0,5.36,22.0,1558735395066
0.0,0.0,5.36,22.0,1558735395066
0.0,0.0,5.36,22.0,1558735395066
0.0,0.0,5.36,22.0,1558735395115
0.0,0.0,5.39,22.0,1558735395217
0.0,0.0,5.39,22.0,1558735395318
0.0,0.0,5.39,22.0,1558735395419
0.0,0.0,5.39,22.0,1558735395521
0.0,0.0,5.42,22.0,1558735395622
0.0,0.0,5.42,22.0,1558735395723
0.0,0.0,5.42,22.0,1558735395828
0.0,0.0,5.42,22.0,1558735395926
0.0,0.0,5.42,22.0,1558735396027
0.0,0.0,5.44,22.0,1558735396129
0.0,0.0,5.44,22.0,1558735396230
0.0,0.0,5.44,22.0,1558735396331
35.16328048706055,139.61463928222656,5.44,22.0,1558735396332
0.0,0.0,5.44,22.0,1558735396433
0.0,0.0,5.44,22.0,1558735396535
0.0,0.0,5.47,22.0,1558735396635
0.0,0.0,5.47,22.0,1558735396737
0.0,0.0,5.47,22.0,1558735396840
0.0,0.0,5.47,22.0,1558735396939
0.0,0.0,5.47,22.0,1558735397051
0.0,0.0,5.47,22.0,1558735397142
0.0,0.0,5.47,22.0,1558735397243
0.0,0.0,5.47,22.0,1558735397347
0.0,0.0,5.47,22.0,1558735397446
0.0,0.0,5.47,22.0,1558735397548
0.0,0.0,5.47,22.0,1558735397649
0.0,0.0,5.5,22.0,1558735397750
0.0,0.0,5.5,22.0,1558735397854
0.0,0.0,5.5,22.0,1558735397953
0.0,0.0,5.5,22.0,1558735398054
0.0,0.0,5.5,22.0,1558735398155
0.0,0.0,5.47,22.0,1558735398257
0.0,0.0,5.47,22.0,1558735398358
0.0,0.0,5.47,22.0,1558735398459
0.0,0.0,5.47,22.0,1558735398561
0.0,0.0,5.47,22.0,1558735398662
0.0,0.0,5.47,22.0,1558735398764
0.0,0.0,5.47,22.0,1558735398867
0.0,0.0,5.47,22.0,1558735398966
0.0,0.0,5.47,22.0,1558735399068
0.0,0.0,5.47,22.0,1558735399169
0.0,0.0,5.47,22.0,1558735399270
0.0,0.0,5.5,22.0,1558735399374
0.0,0.0,5.5,22.0,1558735399473
0.0,0.0,5.47,22.0,1558735399611
0.0,0.0,5.5,22.0,1558735399676
0.0,0.0,5.5,22.0,1558735399777
0.0,0.0,5.5,22.0,1558735399880
0.0,0.0,5.5,22.0,1558735399980
0.0,0.0,5.5,22.0,1558735400199
0.0,0.0,5.5,22.0,1558735400208
0.0,0.0,5.5,22.0,1558735400744
0.0,0.0,5.5,22.0,1558735400745
0.0,0.0,5.5,22.0,1558735400747
0.0,0.0,5.5,22.0,1558735400748
0.0,0.0,5.5,22.0,1558735400748
0.0,0.0,5.5,22.0,1558735400790
0.0,0.0,5.5,22.0,1558735401014
35.16332244873047,139.61460876464844,5.5,22.0,1558735401014
0.0,0.0,5.5,22.0,1558735401015
0.0,0.0,5.5,22.0,1558735401096
0.0,0.0,5.5,22.0,1558735401301
0.0,0.0,5.5,22.0,1558735401302
0.0,0.0,5.5,22.0,1558735401398
0.0,0.0,5.5,22.0,1558735401581
0.0,0.0,5.5,22.0,1558735401604
0.0,0.0,5.5,22.0,1558735401886
0.0,0.0,5.5,22.0,1558735401886
0.0,0.0,5.5,22.0,1558735401907
0.0,0.0,5.5,22.0,1558735402194
0.0,0.0,5.5,22.0,1558735402195
0.0,0.0,5.5,22.0,1558735402209
0.0,0.0,5.5,22.0,1558735402310
0.0,0.0,5.5,22.0,1558735402501
0.0,0.0,5.53,22.0,1558735402513
0.0,0.0,5.53,22.0,1558735402614
0.0,0.0,5.53,22.0,1558735402804
0.0,0.0,5.53,22.0,1558735402818
0.0,0.0,5.53,22.0,1558735402921
0.0,0.0,5.53,22.0,1558735403109
0.0,0.0,5.53,22.0,1558735403122
0.0,0.0,5.5,22.0,1558735403222
0.0,0.0,5.5,22.0,1558735403324
0.0,0.0,5.53,22.0,1558735403425
0.0,0.0,5.53,22.0,1558735403527
0.0,0.0,5.53,22.0,1558735403628
0.0,0.0,5.53,22.0,1558735403729
0.0,0.0,5.53,22.0,1558735403831
0.0,0.0,5.53,22.0,1558735403934
0.0,0.0,5.53,22.0,1558735404033
0.0,0.0,5.53,22.0,1558735404135
0.0,0.0,5.53,22.0,1558735404236
0.0,0.0,5.53,22.0,1558735404337
0.0,0.0,5.53,22.0,1558735404439
35.163352966308594,139.6145782470703,5.53,22.0,1558735404440
0.0,0.0,5.55,22.0,1558735404540
0.0,0.0,5.53,22.0,1558735404642
0.0,0.0,5.53,22.0,1558735404743
0.0,0.0,5.55,22.0,1558735404844
0.0,0.0,5.55,22.0,1558735404948
0.0,0.0,5.55,22.0,1558735405047
0.0,0.0,5.55,22.0,1558735405148
0.0,0.0,5.55,22.0,1558735405745
0.0,0.0,5.55,22.0,1558735405746
0.0,0.0,5.55,22.0,1558735405747
0.0,0.0,5.58,22.0,1558735405748
0.0,0.0,5.58,22.0,1558735405748
0.0,0.0,5.58,22.0,1558735405759
0.0,0.0,5.58,22.0,1558735405858
0.0,0.0,5.58,22.0,1558735405961
0.0,0.0,5.58,22.0,1558735406060
0.0,0.0,5.58,22.0,1558735406162
0.0,0.0,5.58,22.0,1558735406263
0.0,0.0,5.58,21.0,1558735406365
0.0,0.0,5.58,21.0,1558735406466
0.0,0.0,5.58,21.0,1558735406567
0.0,0.0,5.58,21.0,1558735406668
35.16336441040039,139.61456298828125,5.58,21.0,1558735406671
0.0,0.0,5.58,21.0,1558735406770
0.0,0.0,5.58,21.0,1558735406871
0.0,0.0,5.58,21.0,1558735406975
0.0,0.0,5.61,21.0,1558735407074
0.0,0.0,5.58,21.0,1558735407175
0.0,0.0,5.58,21.0,1558735407277
0.0,0.0,5.58,21.0,1558735407378
0.0,0.0,5.58,21.0,1558735407479
0.0,0.0,5.58,21.0,1558735407581
0.0,0.0,5.58,21.0,1558735407682
0.0,0.0,5.58,21.0,1558735407783
0.0,0.0,5.58,21.0,1558735407885
0.0,0.0,5.58,21.0,1558735407988
0.0,0.0,5.58,21.0,1558735408088
0.0,0.0,5.58,21.0,1558735408189
0.0,0.0,5.58,21.0,1558735408290
0.0,0.0,5.58,21.0,1558735408391
0.0,0.0,5.58,21.0,1558735408493
0.0,0.0,5.58,21.0,1558735408594
0.0,0.0,5.58,21.0,1558735408696
0.0,0.0,5.58,21.0,1558735408797
0.0,0.0,5.58,21.0,1558735408898
0.0,0.0,5.55,21.0,1558735409001
0.0,0.0,5.55,21.0,1558735409102
0.0,0.0,5.55,21.0,1558735409203
0.0,0.0,5.55,21.0,1558735409304
0.0,0.0,5.55,21.0,1558735409405
0.0,0.0,5.55,21.0,1558735409506
0.0,0.0,5.55,21.0,1558735409609
0.0,0.0,5.55,21.0,1558735409709
0.0,0.0,5.55,21.0,1558735409810
0.0,0.0,5.55,21.0,1558735409913
0.0,0.0,5.53,21.0,1558735410015
0.0,0.0,5.53,21.0,1558735410114
35.16337966918945,139.6145477294922,5.53,21.0,1558735410115
0.0,0.0,5.53,21.0,1558735410215
0.0,0.0,5.53,21.0,1558735410822
0.0,0.0,5.53,21.0,1558735410827
0.0,0.0,5.53,21.0,1558735410827
0.0,0.0,5.53,21.0,1558735410827
0.0,0.0,5.53,21.0,1558735410828
0.0,0.0,5.53,21.0,1558735410832
0.0,0.0,5.53,21.0,1558735410925
0.0,0.0,5.53,21.0,1558735411028
0.0,0.0,5.53,21.0,1558735411129
0.0,0.0,5.53,21.0,1558735411229
0.0,0.0,5.5,21.0,1558735411330
0.0,0.0,5.5,21.0,1558735411431
0.0,0.0,5.53,21.0,1558735411533
0.0,0.0,5.53,21.0,1558735411634
0.0,0.0,5.53,21.0,1558735411735
0.0,0.0,5.5,21.0,1558735411837
0.0,0.0,5.5,22.0,1558735411938
0.0,0.0,5.53,22.0,1558735412041
0.0,0.0,5.53,22.0,1558735412142
0.0,0.0,5.53,22.0,1558735412243
0.0,0.0,5.53,22.0,1558735412344
35.163387298583984,139.61453247070312,5.53,22.0,1558735412345
0.0,0.0,5.53,22.0,1558735412446
0.0,0.0,5.53,22.0,1558735412547
0.0,0.0,5.53,22.0,1558735412648
0.0,0.0,5.53,22.0,1558735412750
0.0,0.0,5.53,22.0,1558735412851
0.0,0.0,5.53,22.0,1558735412952
0.0,0.0,5.53,22.0,1558735413056
0.0,0.0,5.53,22.0,1558735413155
0.0,0.0,5.55,22.0,1558735413256
0.0,0.0,5.55,22.0,1558735413403
0.0,0.0,5.55,22.0,1558735413459
0.0,0.0,5.55,22.0,1558735413561
0.0,0.0,5.55,22.0,1558735413662
0.0,0.0,5.55,22.0,1558735413764
0.0,0.0,5.55,22.0,1558735413865
0.0,0.0,5.55,22.0,1558735413967
0.0,0.0,5.55,22.0,1558735414070
0.0,0.0,5.58,22.0,1558735414169
0.0,0.0,5.58,22.0,1558735414270
0.0,0.0,5.58,22.0,1558735414372
0.0,0.0,5.58,22.0,1558735414473
0.0,0.0,5.58,22.0,1558735414574
0.0,0.0,5.58,22.0,1558735414676
35.163394927978516,139.61451721191406,5.58,22.0,1558735414676
0.0,0.0,5.58,22.0,1558735414777
0.0,0.0,5.58,22.0,1558735414878
0.0,0.0,5.58,22.0,1558735414980
0.0,0.0,5.58,22.0,1558735415083
0.0,0.0,5.58,22.0,1558735415182
0.0,0.0,5.61,22.0,1558735415840
0.0,0.0,5.61,22.0,1558735415852
0.0,0.0,5.61,22.0,1558735415853
0.0,0.0,5.61,22.0,1558735415853
0.0,0.0,5.61,22.0,1558735415853
0.0,0.0,5.61,22.0,1558735415853
0.0,0.0,5.61,22.0,1558735415892
0.0,0.0,5.61,22.0,1558735415993
0.0,0.0,5.61,22.0,1558735416097
0.0,0.0,5.61,22.0,1558735416196
0.0,0.0,5.61,22.0,1558735416297
0.0,0.0,5.61,22.0,1558735416398
0.0,0.0,5.61,22.0,1558735416500
0.0,0.0,5.61,22.0,1558735416602
0.0,0.0,5.61,22.0,1558735416702
0.0,0.0,5.61,22.0,1558735416805
0.0,0.0,5.61,22.0,1558735416905
0.0,0.0,5.61,22.0,1558735417006
0.0,0.0,5.61,22.0,1558735417110
0.0,0.0,5.61,22.0,1558735417209
0.0,0.0,5.61,22.0,1558735417311
0.0,0.0,5.61,22.0,1558735417412
0.0,0.0,5.61,22.0,1558735417615
0.0,0.0,5.61,22.0,1558735417716
0.0,0.0,5.61,22.0,1558735417818
0.0,0.0,5.61,22.0,1558735417919
0.0,0.0,5.61,22.0,1558735418020
0.0,0.0,5.61,22.0,1558735418123
35.16341018676758,139.614501953125,5.61,22.0,1558735418125
0.0,0.0,5.61,22.0,1558735418223
0.0,0.0,5.61,22.0,1558735418324
0.0,0.0,5.61,22.0,1558735418425
0.0,0.0,5.61,22.0,1558735418527
0.0,0.0,5.61,22.0,1558735418629
0.0,0.0,5.61,22.0,1558735418729
0.0,0.0,5.61,22.0,1558735418831
0.0,0.0,5.61,22.0,1558735418932
0.0,0.0,5.61,22.0,1558735419034
0.0,0.0,5.61,22.0,1558735419137
0.0,0.0,5.61,22.0,1558735419236
0.0,0.0,5.61,22.0,1558735419338
0.0,0.0,5.61,22.0,1558735419439
0.0,0.0,5.61,22.0,1558735419540
0.0,0.0,5.61,22.0,1558735419642
0.0,0.0,5.61,22.0,1558735419743
0.0,0.0,5.61,22.0,1558735419845
0.0,0.0,5.61,22.0,1558735419946
0.0,0.0,5.61,22.0,1558735420193
0.0,0.0,5.61,22.0,1558735420194
0.0,0.0,5.61,22.0,1558735420745
0.0,0.0,5.61,22.0,1558735420746
0.0,0.0,5.61,22.0,1558735420746
35.16341781616211,139.614501953125,5.61,22.0,1558735420747
0.0,0.0,5.61,22.0,1558735420751
0.0,0.0,5.61,22.0,1558735420752
0.0,0.0,5.61,22.0,1558735420756
0.0,0.0,5.61,22.0,1558735420858
0.0,0.0,5.61,22.0,1558735421009
0.0,0.0,5.61,22.0,1558735421061
0.0,0.0,5.61,22.0,1558735421292
0.0,0.0,5.61,22.0,1558735421293
0.0,0.0,5.61,22.0,1558735421583
0.0,0.0,5.61,22.0,1558735421584
0.0,0.0,5.61,22.0,1558735421668
0.0,0.0,5.61,22.0,1558735421890
0.0,0.0,5.61,22.0,1558735421890
0.0,0.0,5.61,22.0,1558735421973
0.0,0.0,5.61,22.0,1558735422199
0.0,0.0,5.61,22.0,1558735422200
0.0,0.0,5.61,22.0,1558735422276
0.0,0.0,5.61,22.0,1558735422504
0.0,0.0,5.61,22.0,1558735422504
0.0,0.0,5.61,22.0,1558735422581
0.0,0.0,5.64,22.0,1558735422808
0.0,0.0,5.64,22.0,1558735422808
0.0,0.0,5.64,22.0,1558735422885
0.0,0.0,5.64,22.0,1558735423117
0.0,0.0,5.61,22.0,1558735423118
35.163421630859375,139.61448669433594,5.61,22.0,1558735423127
0.0,0.0,5.61,22.0,1558735423191
0.0,0.0,5.61,22.0,1558735423290
0.0,0.0,5.61,22.0,1558735423397
0.0,0.0,5.61,22.0,1558735423493
0.0,0.0,5.61,22.0,1558735423594
0.0,0.0,5.64,22.0,1558735423695
0.0,0.0,5.64,22.0,1558735423797
0.0,0.0,5.64,22.0,1558735423898
0.0,0.0,5.64,22.0,1558735424000
0.0,0.0,5.64,22.0,1558735424104
0.0,0.0,5.64,22.0,1558735424204
0.0,0.0,5.64,22.0,1558735424303
0.0,0.0,5.64,22.0,1558735424405
0.0,0.0,5.64,22.0,1558735424506
0.0,0.0,5.64,22.0,1558735424608
0.0,0.0,5.64,22.0,1558735424709
0.0,0.0,5.64,22.0,1558735424810
0.0,0.0,5.64,22.0,1558735424912
0.0,0.0,5.64,22.0,1558735425013
0.0,0.0,5.64,22.0,1558735425114
0.0,0.0,5.64,22.0,1558735425218
0.0,0.0,5.64,22.0,1558735425796
0.0,0.0,5.64,22.0,1558735425798
0.0,0.0,5.64,22.0,1558735425798
0.0,0.0,5.64,22.0,1558735425799
0.0,0.0,5.64,22.0,1558735425807
35.163429260253906,139.61448669433594,5.64,22.0,1558735425807
0.0,0.0,5.64,22.0,1558735425825
0.0,0.0,5.64,22.0,1558735425925
0.0,0.0,5.64,22.0,1558735426026
0.0,0.0,5.64,22.0,1558735426128
0.0,0.0,5.64,22.0,1558735426231
0.0,0.0,5.64,22.0,1558735426330
0.0,0.0,5.64,22.0,1558735426432
0.0,0.0,5.64,22.0,1558735426533
0.0,0.0,5.66,22.0,1558735426636
0.0,0.0,5.66,22.0,1558735426736
0.0,0.0,5.66,22.0,1558735426837
0.0,0.0,5.66,22.0,1558735426938
0.0,0.0,5.66,22.0,1558735427040
0.0,0.0,5.66,21.0,1558735427141
0.0,0.0,5.66,21.0,1558735427245
0.0,0.0,5.66,21.0,1558735427344
0.0,0.0,5.66,21.0,1558735427445
0.0,0.0,5.66,21.0,1558735427547
0.0,0.0,5.66,21.0,1558735427648
0.0,0.0,5.69,21.0,1558735427946
0.0,0.0,5.69,21.0,1558735427955
0.0,0.0,5.69,21.0,1558735428053
0.0,0.0,5.69,21.0,1558735428155
0.0,0.0,5.69,21.0,1558735428258
0.0,0.0,5.69,21.0,1558735428357
0.0,0.0,5.69,21.0,1558735428459
0.0,0.0,5.69,21.0,1558735428560
0.0,0.0,5.69,21.0,1558735428662
0.0,0.0,5.69,21.0,1558735428763
0.0,0.0,5.69,21.0,1558735428864
0.0,0.0,5.69,21.0,1558735428966
0.0,0.0,5.69,21.0,1558735429067
0.0,0.0,5.69,21.0,1558735429168
35.1634407043457,139.61447143554688,5.69,21.0,1558735429169
0.0,0.0,5.69,21.0,1558735429275
0.0,0.0,5.69,21.0,1558735429371
0.0,0.0,5.69,21.0,1558735429479
0.0,0.0,5.69,21.0,1558735429574
0.0,0.0,5.69,21.0,1558735429675
0.0,0.0,5.69,21.0,1558735429776
0.0,0.0,5.69,21.0,1558735429878
0.0,0.0,5.69,21.0,1558735429979
0.0,0.0,5.69,21.0,1558735430080
0.0,0.0,5.69,21.0,1558735430182
0.0,0.0,5.69,21.0,1558735430330
0.0,0.0,5.69,21.0,1558735430385
0.0,0.0,5.69,21.0,1558735430486
0.0,0.0,5.69,21.0,1558735430587
0.0,0.0,5.69,21.0,1558735430689
0.0,0.0,5.69,21.0,1558735430790
0.0,0.0,5.69,21.0,1558735431364
0.0,0.0,5.69,21.0,1558735431387
0.0,0.0,5.69,21.0,1558735431389
0.0,0.0,5.69,21.0,1558735431392
0.0,0.0,5.69,21.0,1558735431393
0.0,0.0,5.69,21.0,1558735431398
0.0,0.0,5.69,21.0,1558735431499
35.16344451904297,139.61447143554688,5.69,21.0,1558735431514
0.0,0.0,5.69,21.0,1558735431609
0.0,0.0,5.69,21.0,1558735431704
0.0,0.0,5.69,21.0,1558735431811
0.0,0.0,5.69,21.0,1558735431905
0.0,0.0,5.69,21.0,1558735432006
0.0,0.0,5.69,21.0,1558735432107
0.0,0.0,5.69,22.0,1558735432209
0.0,0.0,5.69,22.0,1558735432312
0.0,0.0,5.69,22.0,1558735432411
0.0,0.0,5.69,22.0,1558735432513
0.0,0.0,5.69,22.0,1558735432614
0.0,0.0,5.69,22.0,1558735432718
0.0,0.0,5.69,22.0,1558735432817
0.0,0.0,5.69,22.0,1558735432918
0.0,0.0,5.69,22.0,1558735433019
0.0,0.0,5.69,22.0,1558735433121
0.0,0.0,5.69,22.0,1558735433222
0.0,0.0,5.69,22.0,1558735433325
0.0,0.0,5.69,22.0,1558735433425
0.0,0.0,5.66,22.0,1558735433526
0.0,0.0,5.66,22.0,1558735433628
0.0,0.0,5.66,22.0,1558735433729
0.0,0.0,5.66,22.0,1558735433830
0.0,0.0,5.66,22.0,1558735433931
0.0,0.0,5.64,22.0,1558735434033
0.0,0.0,5.64,22.0,1558735434134
0.0,0.0,5.64,22.0,1558735434236
0.0,0.0,5.64,22.0,1558735434339
0.0,0.0,5.61,22.0,1558735434438
0.0,0.0,5.61,22.0,1558735434540
0.0,0.0,5.61,22.0,1558735434641
0.0,0.0,5.61,22.0,1558735434742
0.0,0.0,5.61,22.0,1558735434844
0.0,0.0,5.61,22.0,1558735434945
0.0,0.0,5.58,22.0,1558735435046
35.1634521484375,139.6144561767578,5.58,22.0,1558735435047
0.0,0.0,5.61,22.0,1558735435148
0.0,0.0,5.58,22.0,1558735435250
0.0,0.0,5.58,22.0,1558735435352
0.0,0.0,5.58,22.0,1558735435452
0.0,0.0,5.58,22.0,1558735435553
0.0,0.0,5.58,22.0,1558735435655
0.0,0.0,5.58,22.0,1558735435756
0.0,0.0,5.58,22.0,1558735435857
0.0,0.0,5.55,22.0,1558735436429
0.0,0.0,5.55,22.0,1558735436430
0.0,0.0,5.55,22.0,1558735436430
0.0,0.0,5.53,22.0,1558735436431
0.0,0.0,5.53,22.0,1558735436431
0.0,0.0,5.53,22.0,1558735436465
0.0,0.0,5.5,22.0,1558735436566
0.0,0.0,5.5,22.0,1558735436668
0.0,0.0,5.5,22.0,1558735436772
0.0,0.0,5.5,22.0,1558735436870
0.0,0.0,5.5,22.0,1558735436971
0.0,0.0,5.5,22.0,1558735437073
0.0,0.0,5.5,22.0,1558735437174
0.0,0.0,5.5,22.0,1558735437276
0.0,0.0,5.5,22.0,1558735437379
35.1634521484375,139.6144561767578,5.5,22.0,1558735437381
0.0,0.0,5.5,22.0,1558735437478
0.0,0.0,5.5,22.0,1558735437580
0.0,0.0,5.5,22.0,1558735437681
0.0,0.0,5.5,22.0,1558735437782
0.0,0.0,5.47,22.0,1558735437884
0.0,0.0,5.5,22.0,1558735437985
0.0,0.0,5.47,22.0,1558735438086
0.0,0.0,5.47,22.0,1558735438188
0.0,0.0,5.47,22.0,1558735438289
0.0,0.0,5.44,22.0,1558735438392
0.0,0.0,5.44,22.0,1558735438492
0.0,0.0,5.47,22.0,1558735438593
0.0,0.0,5.44,22.0,1558735438695
0.0,0.0,5.44,22.0,1558735438797
0.0,0.0,5.44,22.0,1558735438897
0.0,0.0,5.42,22.0,1558735438998
0.0,0.0,5.44,22.0,1558735439100
0.0,0.0,5.44,22.0,1558735439201
0.0,0.0,5.44,22.0,1558735439519
0.0,0.0,5.44,22.0,1558735439520
0.0,0.0,5.42,22.0,1558735439527
0.0,0.0,5.42,22.0,1558735439607
0.0,0.0,5.42,22.0,1558735439708
0.0,0.0,5.42,22.0,1558735439809
0.0,0.0,5.42,22.0,1558735439910
0.0,0.0,5.42,22.0,1558735440012
0.0,0.0,5.42,22.0,1558735440218
0.0,0.0,5.39,22.0,1558735440219
0.0,0.0,5.39,22.0,1558735440316
0.0,0.0,5.39,22.0,1558735440499
0.0,0.0,5.39,22.0,1558735440518
0.0,0.0,5.39,22.0,1558735440780
0.0,0.0,5.36,22.0,1558735440781
0.0,0.0,5.36,22.0,1558735440825
35.163455963134766,139.6144561767578,5.36,22.0,1558735440826
0.0,0.0,5.36,22.0,1558735441376
0.0,0.0,5.36,22.0,1558735441376
0.0,0.0,5.33,22.0,1558735441376
0.0,0.0,5.33,22.0,1558735441381
0.0,0.0,5.33,22.0,1558735441382
0.0,0.0,5.31,22.0,1558735441433
0.0,0.0,5.33,22.0,1558735441608
0.0,0.0,5.31,22.0,1558735441641
0.0,0.0,5.31,22.0,1558735441911
0.0,0.0,5.28,22.0,1558735441912
0.0,0.0,5.28,22.0,1558735441937
0.0,0.0,5.28,22.0,1558735442221
0.0,0.0,5.28,22.0,1558735442222
0.0,0.0,5.25,22.0,1558735442241
0.0,0.0,5.25,22.0,1558735442527
0.0,0.0,5.25,22.0,1558735442529
0.0,0.0,5.22,21.0,1558735442545
0.0,0.0,5.22,21.0,1558735442829
0.0,0.0,5.22,21.0,1558735442830
0.0,0.0,5.2,21.0,1558735442851
0.0,0.0,5.2,21.0,1558735443138
35.163455963134766,139.6144561767578,5.2,21.0,1558735443138
0.0,0.0,5.17,21.0,1558735443140
0.0,0.0,5.2,21.0,1558735443153
0.0,0.0,5.17,21.0,1558735443254
0.0,0.0,5.17,21.0,1558735443356
0.0,0.0,5.14,21.0,1558735443459
0.0,0.0,5.14,21.0,1558735443558
0.0,0.0,5.12,21.0,1558735443661
0.0,0.0,5.12,21.0,1558735443761
0.0,0.0,5.12,21.0,1558735443862
0.0,0.0,5.12,21.0,1558735443963
0.0,0.0,5.09,21.0,1558735444065
0.0,0.0,5.09,21.0,1558735444166
0.0,0.0,5.06,21.0,1558735444268
0.0,0.0,5.06,21.0,1558735444369
0.0,0.0,5.06,21.0,1558735444472
0.0,0.0,5.03,21.0,1558735444571
0.0,0.0,5.03,21.0,1558735444673
0.0,0.0,5.01,21.0,1558735444774
0.0,0.0,5.01,21.0,1558735444875
0.0,0.0,5.01,21.0,1558735444977
0.0,0.0,5.01,21.0,1558735445079
0.0,0.0,4.98,21.0,1558735445179
0.0,0.0,4.98,21.0,1558735445281
0.0,0.0,4.98,21.0,1558735445382
0.0,0.0,4.98,21.0,1558735445486
0.0,0.0,4.95,21.0,1558735445585
0.0,0.0,4.95,21.0,1558735445800
0.0,0.0,4.92,21.0,1558735446378
0.0,0.0,4.92,21.0,1558735446379
0.0,0.0,4.92,21.0,1558735446383
0.0,0.0,4.92,21.0,1558735446383
0.0,0.0,4.92,21.0,1558735446389
0.0,0.0,4.9,21.0,1558735446406
0.0,0.0,4.9,21.0,1558735446499
35.163455963134766,139.6144561767578,4.9,21.0,1558735446499
0.0,0.0,4.9,21.0,1558735446598
0.0,0.0,4.9,21.0,1558735446699
0.0,0.0,4.92,21.0,1558735446801
0.0,0.0,4.92,21.0,1558735446902
0.0,0.0,4.9,21.0,1558735447006
0.0,0.0,4.9,21.0,1558735447105
0.0,0.0,4.92,21.0,1558735447206
0.0,0.0,4.92,21.0,1558735447307
0.0,0.0,4.92,21.0,1558735447409
0.0,0.0,4.9,21.0,1558735447512
0.0,0.0,4.9,21.0,1558735447612
0.0,0.0,4.9,21.0,1558735447713
0.0,0.0,4.9,21.0,1558735447814
0.0,0.0,4.9,21.0,1558735447915
0.0,0.0,4.92,21.0,1558735448017
0.0,0.0,4.92,21.0,1558735448118
0.0,0.0,4.92,21.0,1558735448220
0.0,0.0,4.92,21.0,1558735448321
0.0,0.0,4.92,21.0,1558735448422
0.0,0.0,4.92,21.0,1558735448525
0.0,0.0,4.92,21.0,1558735448625
0.0,0.0,4.92,21.0,1558735448726
0.0,0.0,4.92,21.0,1558735448827
0.0,0.0,4.95,21.0,1558735448929
0.0,0.0,4.95,21.0,1558735449030
0.0,0.0,4.95,21.0,1558735449132
0.0,0.0,4.95,21.0,1558735449233
0.0,0.0,4.95,21.0,1558735449334
0.0,0.0,4.98,21.0,1558735449436
0.0,0.0,4.98,21.0,1558735449539
0.0,0.0,4.98,21.0,1558735449638
0.0,0.0,4.98,21.0,1558735449739
0.0,0.0,4.98,21.0,1558735449841
0.0,0.0,4.98,21.0,1558735449942
0.0,0.0,4.95,21.0,1558735450043
0.0,0.0,4.98,21.0,1558735450145
0.0,0.0,4.98,21.0,1558735450246
0.0,0.0,4.98,21.0,1558735450348
0.0,0.0,4.98,21.0,1558735450448
0.0,0.0,4.98,21.0,1558735450552
0.0,0.0,4.98,21.0,1558735450651
0.0,0.0,5.01,21.0,1558735450753
0.0,0.0,5.01,21.0,1558735450854
35.16346740722656,139.61444091796875,5.01,21.0,1558735451107
0.0,0.0,5.01,21.0,1558735451484
0.0,0.0,5.01,21.0,1558735451488
0.0,0.0,5.01,21.0,1558735451488
0.0,0.0,5.01,21.0,1558735451488
0.0,0.0,5.01,21.0,1558735451488
0.0,0.0,5.01,21.0,1558735451489
0.0,0.0,5.01,21.0,1558735451565
0.0,0.0,5.01,21.0,1558735451664
0.0,0.0,5.01,21.0,1558735451766
0.0,0.0,5.01,21.0,1558735451867
0.0,0.0,5.01,21.0,1558735451969
0.0,0.0,5.01,21.0,1558735452171
0.0,0.0,5.01,21.0,1558735452273
0.0,0.0,5.01,21.0,1558735452374
0.0,0.0,5.01,21.0,1558735452475
0.0,0.0,5.01,21.0,1558735452605
0.0,0.0,5.01,21.0,1558735452678
0.0,0.0,5.01,21.0,1558735452779
0.0,0.0,5.03,21.0,1558735452881
0.0,0.0,5.03,21.0,1558735452982
0.0,0.0,5.03,21.0,1558735453083
0.0,0.0,5.03,21.0,1558735453184
0.0,0.0,5.06,21.0,1558735453286
0.0,0.0,5.03,21.0,1558735453387
35.16347885131836,139.61444091796875,5.03,21.0,1558735453392
0.0,0.0,5.03,21.0,1558735453489
0.0,0.0,5.03,21.0,1558735453592
0.0,0.0,5.03,21.0,1558735453691
0.0,0.0,5.03,21.0,1558735453793
0.0,0.0,5.03,21.0,1558735453894
0.0,0.0,5.06,21.0,1558735453995
0.0,0.0,5.06,21.0,1558735454097
0.0,0.0,5.09,21.0,1558735454198
0.0,0.0,5.09,21.0,1558735454299
0.0,0.0,5.12,21.0,1558735454401
0.0,0.0,5.12,21.0,1558735454502
0.0,0.0,5.12,21.0,1558735454606
0.0,0.0,5.14,21.0,1558735454706
0.0,0.0,5.14,21.0,1558735454806
0.0,0.0,5.17,21.0,1558735454908
0.0,0.0,5.2,21.0,1558735455009
0.0,0.0,5.2,21.0,1558735455111
0.0,0.0,5.22,21.0,1558735455212
0.0,0.0,5.25,21.0,1558735455313
0.0,0.0,5.25,21.0,1558735455415
0.0,0.0,5.28,21.0,1558735455516
0.0,0.0,5.28,21.0,1558735455620
0.0,0.0,5.31,21.0,1558735455718
0.0,0.0,5.31,21.0,1558735455820
35.163490295410156,139.6144256591797,5.31,21.0,1558735455820
0.0,0.0,5.33,21.0,1558735455931
0.0,0.0,5.33,21.0,1558735456023
0.0,0.0,5.36,21.0,1558735456124
0.0,0.0,5.36,21.0,1558735456225
0.0,0.0,5.39,21.0,1558735456797
0.0,0.0,5.39,21.0,1558735456798
0.0,0.0,5.42,21.0,1558735456805
0.0,0.0,5.42,21.0,1558735456806
0.0,0.0,5.44,21.0,1558735456806
0.0,0.0,5.47,21.0,1558735456833
0.0,0.0,5.47,21.0,1558735456935
0.0,0.0,5.47,21.0,1558735457036
0.0,0.0,5.47,21.0,1558735457138
0.0,0.0,5.5,21.0,1558735457239
0.0,0.0,5.5,21.0,1558735457340
0.0,0.0,5.47,21.0,1558735457441
0.0,0.0,5.47,21.0,1558735457543
0.0,0.0,5.5,22.0,1558735457646
0.0,0.0,5.5,22.0,1558735457745
0.0,0.0,5.5,22.0,1558735457847
0.0,0.0,5.5,22.0,1558735457948
0.0,0.0,5.53,22.0,1558735458049
0.0,0.0,5.53,22.0,1558735458151
35.16352081298828,139.61441040039062,5.53,22.0,1558735458151
0.0,0.0,5.5,22.0,1558735458256
0.0,0.0,5.47,22.0,1558735458354
0.0,0.0,5.47,22.0,1558735458455
0.0,0.0,5.47,22.0,1558735458556
0.0,0.0,5.47,22.0,1558735458659
0.0,0.0,5.47,22.0,1558735458759
0.0,0.0,5.47,22.0,1558735458860
0.0,0.0,5.44,22.0,1558735458961
0.0,0.0,5.42,22.0,1558735459063
0.0,0.0,5.42,22.0,1558735459164
0.0,0.0,5.39,22.0,1558735459265
0.0,0.0,5.39,22.0,1558735459367
0.0,0.0,5.36,22.0,1558735459468
0.0,0.0,5.33,22.0,1558735459569
0.0,0.0,5.33,22.0,1558735459673
0.0,0.0,5.33,22.0,1558735459772
0.0,0.0,5.31,22.0,1558735459873
0.0,0.0,5.31,22.0,1558735459975
0.0,0.0,5.31,22.0,1558735460223
0.0,0.0,5.33,22.0,1558735460223
0.0,0.0,5.33,22.0,1558735460279
0.0,0.0,5.33,22.0,1558735460513
0.0,0.0,5.33,22.0,1558735460514
35.16353225708008,139.61439514160156,5.33,22.0,1558735460514
0.0,0.0,5.33,22.0,1558735460583
0.0,0.0,5.33,22.0,1558735460806
0.0,0.0,5.33,22.0,1558735460806
0.0,0.0,5.33,22.0,1558735460887
0.0,0.0,5.33,22.0,1558735461079
0.0,0.0,5.33,22.0,1558735461090
0.0,0.0,5.33,22.0,1558735461191
0.0,0.0,5.33,22.0,1558735461940
0.0,0.0,5.33,22.0,1558735461947
0.0,0.0,5.33,22.0,1558735461948
0.0,0.0,5.36,22.0,1558735461949
0.0,0.0,5.36,22.0,1558735461949
0.0,0.0,5.36,22.0,1558735461949
0.0,0.0,5.36,22.0,1558735461949
0.0,0.0,5.36,22.0,1558735462008
0.0,0.0,5.36,22.0,1558735462249
0.0,0.0,5.39,22.0,1558735462249
0.0,0.0,5.39,22.0,1558735462306
0.0,0.0,5.42,22.0,1558735462555
0.0,0.0,5.42,22.0,1558735462557
0.0,0.0,5.42,22.0,1558735462610
0.0,0.0,5.44,22.0,1558735462857
0.0,0.0,5.47,22.0,1558735462858
35.163543701171875,139.61436462402344,5.47,22.0,1558735462858
0.0,0.0,5.47,21.0,1558735462914
0.0,0.0,5.47,21.0,1558735463170
0.0,0.0,5.5,21.0,1558735463171
0.0,0.0,5.5,21.0,1558735463219
0.0,0.0,5.5,21.0,1558735463320
0.0,0.0,5.5,21.0,1558735463421
0.0,0.0,5.5,21.0,1558735463522
0.0,0.0,5.5,21.0,1558735463624
0.0,0.0,5.5,21.0,1558735463727
0.0,0.0,5.5,21.0,1558735463826
0.0,0.0,5.5,21.0,1558735463927
0.0,0.0,5.5,21.0,1558735464029
0.0,0.0,5.5,21.0,1558735464130
0.0,0.0,5.5,21.0,1558735464231
0.0,0.0,5.53,21.0,1558735464333
0.0,0.0,5.53,21.0,1558735464434
0.0,0.0,5.53,21.0,1558735464536
0.0,0.0,5.53,21.0,1558735464637
0.0,0.0,5.53,21.0,1558735464740
0.0,0.0,5.53,21.0,1558735464840
0.0,0.0,5.53,21.0,1558735464942
0.0,0.0,5.55,21.0,1558735465042
0.0,0.0,5.55,21.0,1558735465144
0.0,0.0,5.55,21.0,1558735465247
0.0,0.0,5.55,21.0,1558735465348
0.0,0.0,5.55,21.0,1558735465449
0.0,0.0,5.55,21.0,1558735465550
0.0,0.0,5.55,21.0,1558735465651
0.0,0.0,5.58,21.0,1558735465754
0.0,0.0,5.58,21.0,1558735465853
0.0,0.0,5.58,21.0,1558735465955
0.0,0.0,5.58,21.0,1558735466056
0.0,0.0,5.58,21.0,1558735466157
35.16356658935547,139.61434936523438,5.58,21.0,1558735466158
0.0,0.0,5.58,21.0,1558735466259
0.0,0.0,5.58,21.0,1558735466858
0.0,0.0,5.61,21.0,1558735466858
0.0,0.0,5.61,21.0,1558735466859
0.0,0.0,5.61,21.0,1558735466859
0.0,0.0,5.61,21.0,1558735466861
0.0,0.0,5.61,21.0,1558735466872
0.0,0.0,5.61,21.0,1558735466968
0.0,0.0,5.61,21.0,1558735467069
0.0,0.0,5.61,21.0,1558735467171
0.0,0.0,5.61,21.0,1558735467272
0.0,0.0,5.61,21.0,1558735467375
0.0,0.0,5.61,21.0,1558735467475
0.0,0.0,5.61,21.0,1558735467576
0.0,0.0,5.61,21.0,1558735467677
0.0,0.0,5.61,21.0,1558735467781
0.0,0.0,5.61,21.0,1558735467880
0.0,0.0,5.61,21.0,1558735467981
0.0,0.0,5.64,22.0,1558735468083
0.0,0.0,5.64,22.0,1558735468185
0.0,0.0,5.64,22.0,1558735468285
0.0,0.0,5.64,22.0,1558735468387
0.0,0.0,5.64,22.0,1558735468488
0.0,0.0,5.64,22.0,1558735468590
0.0,0.0,5.64,22.0,1558735468691
0.0,0.0,5.64,22.0,1558735468794
0.0,0.0,5.64,22.0,1558735468893
0.0,0.0,5.64,22.0,1558735468995
0.0,0.0,5.64,22.0,1558735469096
0.0,0.0,5.64,22.0,1558735469197
0.0,0.0,5.64,22.0,1558735469299
0.0,0.0,5.64,22.0,1558735469400
0.0,0.0,5.64,22.0,1558735469501
0.0,0.0,5.64,22.0,1558735469606
0.0,0.0,5.64,22.0,1558735469704
0.0,0.0,5.64,22.0,1558735469808
0.0,0.0,5.64,22.0,1558735469907
0.0,0.0,5.64,22.0,1558735470009
0.0,0.0,5.64,22.0,1558735470110
0.0,0.0,5.64,22.0,1558735470211
0.0,0.0,5.64,22.0,1558735470312
0.0,0.0,5.64,22.0,1558735470414
0.0,0.0,5.64,22.0,1558735470515
0.0,0.0,5.64,22.0,1558735470617
35.16358184814453,139.61431884765625,5.64,22.0,1558735470617
0.0,0.0,5.64,22.0,1558735470718
0.0,0.0,5.64,22.0,1558735470822
0.0,0.0,5.66,22.0,1558735470920
0.0,0.0,5.66,22.0,1558735471022
0.0,0.0,5.66,22.0,1558735471123
0.0,0.0,5.66,22.0,1558735471225
0.0,0.0,5.66,22.0,1558735471809
0.0,0.0,5.66,22.0,1558735471809
0.0,0.0,5.66,22.0,1558735471810
0.0,0.0,5.66,22.0,1558735471810
0.0,0.0,5.66,22.0,1558735471810
0.0,0.0,5.66,22.0,1558735471835
0.0,0.0,5.66,22.0,1558735471934
0.0,0.0,5.69,22.0,1558735472035
0.0,0.0,5.69,22.0,1558735472137
0.0,0.0,5.69,22.0,1558735472239
0.0,0.0,5.69,22.0,1558735472339
0.0,0.0,5.69,22.0,1558735472441
0.0,0.0,5.69,22.0,1558735472542
0.0,0.0,5.69,22.0,1558735472644
0.0,0.0,5.69,22.0,1558735472745
0.0,0.0,5.69,22.0,1558735472848
0.0,0.0,5.72,22.0,1558735472947
0.0,0.0,5.72,22.0,1558735473049
0.0,0.0,5.72,21.0,1558735473150
0.0,0.0,5.72,21.0,1558735473251
0.0,0.0,5.74,21.0,1558735473353
0.0,0.0,5.74,21.0,1558735473454
0.0,0.0,5.74,21.0,1558735473556
0.0,0.0,5.74,21.0,1558735473660
0.0,0.0,5.74,21.0,1558735473758
0.0,0.0,5.77,21.0,1558735473862
0.0,0.0,5.77,21.0,1558735473961
0.0,0.0,5.77,21.0,1558735474062
0.0,0.0,5.77,21.0,1558735474165
0.0,0.0,5.77,21.0,1558735474265
0.0,0.0,5.77,21.0,1558735474367
0.0,0.0,5.77,21.0,1558735474468
0.0,0.0,5.77,21.0,1558735474569
0.0,0.0,5.77,21.0,1558735474671
0.0,0.0,5.8,21.0,1558735474772
0.0,0.0,5.8,21.0,1558735474875
0.0,0.0,5.8,21.0,1558735474975
0.0,0.0,5.8,21.0,1558735475078
35.16360092163086,139.6143035888672,5.8,21.0,1558735475079
0.0,0.0,5.8,21.0,1558735475177
0.0,0.0,5.8,21.0,1558735475279
0.0,0.0,5.83,21.0,1558735475459
0.0,0.0,5.83,21.0,1558735475485
0.0,0.0,5.83,21.0,1558735475583
0.0,0.0,5.83,21.0,1558735475684
0.0,0.0,5.83,21.0,1558735475785
0.0,0.0,5.83,21.0,1558735475889
0.0,0.0,5.83,21.0,1558735475989
0.0,0.0,5.83,21.0,1558735476089
0.0,0.0,5.83,21.0,1558735476191
0.0,0.0,5.83,21.0,1558735476410
0.0,0.0,5.83,21.0,1558735476495
0.0,0.0,5.83,21.0,1558735476596
0.0,0.0,5.83,21.0,1558735476698
0.0,0.0,5.83,21.0,1558735476799
0.0,0.0,5.83,21.0,1558735476903
0.0,0.0,5.83,21.0,1558735477002
0.0,0.0,5.83,21.0,1558735477121
0.0,0.0,5.83,21.0,1558735477205
0.0,0.0,5.85,21.0,1558735477691
0.0,0.0,5.85,21.0,1558735477692
0.0,0.0,5.85,21.0,1558735477692
0.0,0.0,5.85,21.0,1558735477693
0.0,0.0,5.85,21.0,1558735477711
0.0,0.0,5.85,21.0,1558735477813
0.0,0.0,5.88,21.0,1558735477916
0.0,0.0,5.88,21.0,1558735478016
0.0,0.0,5.88,22.0,1558735478118
0.0,0.0,5.88,22.0,1558735478218
0.0,0.0,5.91,22.0,1558735478319
0.0,0.0,5.91,22.0,1558735478421
0.0,0.0,5.91,22.0,1558735478522
0.0,0.0,5.91,22.0,1558735478624
0.0,0.0,5.91,22.0,1558735478725
35.163612365722656,139.61428833007812,5.91,22.0,1558735478727
0.0,0.0,5.91,22.0,1558735478826
0.0,0.0,5.91,22.0,1558735478929
0.0,0.0,5.91,22.0,1558735479029
0.0,0.0,5.94,22.0,1558735479130
0.0,0.0,5.94,22.0,1558735479231
0.0,0.0,5.94,22.0,1558735479333
0.0,0.0,5.94,22.0,1558735479434
0.0,0.0,5.94,22.0,1558735479535
0.0,0.0,5.96,22.0,1558735479637
0.0,0.0,5.96,22.0,1558735479738
0.0,0.0,5.96,22.0,1558735479839
0.0,0.0,5.96,22.0,1558735479943
0.0,0.0,5.99,22.0,1558735480042
0.0,0.0,5.99,22.0,1558735480389
0.0,0.0,5.99,22.0,1558735480410
0.0,0.0,5.99,22.0,1558735480410
0.0,0.0,6.02,22.0,1558735480588
0.0,0.0,6.02,22.0,1558735480589
0.0,0.0,6.02,22.0,1558735480650
0.0,0.0,6.02,22.0,1558735480835
0.0,0.0,6.02,22.0,1558735480854
35.16361999511719,139.61428833007812,6.02,22.0,1558735481115
0.0,0.0,6.02,22.0,1558735481196
0.0,0.0,6.05,22.0,1558735481197
0.0,0.0,6.05,22.0,1558735481207
0.0,0.0,6.05,22.0,1558735481409
0.0,0.0,6.05,22.0,1558735481409
0.0,0.0,6.05,22.0,1558735481462
0.0,0.0,6.05,22.0,1558735481677
0.0,0.0,6.05,22.0,1558735481678
0.0,0.0,6.05,22.0,1558735482066
0.0,0.0,6.05,22.0,1558735482067
0.0,0.0,6.05,22.0,1558735482067
0.0,0.0,6.05,22.0,1558735482073
0.0,0.0,6.07,22.0,1558735482678
0.0,0.0,6.07,22.0,1558735482895
0.0,0.0,6.07,22.0,1558735482896
0.0,0.0,6.07,22.0,1558735482984
0.0,0.0,6.1,22.0,1558735483202
0.0,0.0,6.1,22.0,1558735483203
0.0,0.0,6.1,22.0,1558735483286
0.0,0.0,6.1,22.0,1558735483388
0.0,0.0,6.1,22.0,1558735483489
0.0,0.0,6.1,22.0,1558735483590
35.16363525390625,139.61427307128906,6.1,22.0,1558735483592
0.0,0.0,6.1,22.0,1558735483691
0.0,0.0,6.1,22.0,1558735483793
0.0,0.0,6.1,22.0,1558735483894
0.0,0.0,6.1,22.0,1558735483998
0.0,0.0,6.1,22.0,1558735484097
0.0,0.0,6.1,22.0,1558735484199
0.0,0.0,6.13,22.0,1558735484300
0.0,0.0,6.13,22.0,1558735484401
0.0,0.0,6.13,22.0,1558735484502
0.0,0.0,6.13,22.0,1558735484604
0.0,0.0,6.13,22.0,1558735484705
0.0,0.0,6.13,22.0,1558735484982
0.0,0.0,6.13,22.0,1558735484982
0.0,0.0,6.16,22.0,1558735485011
0.0,0.0,6.16,22.0,1558735485112
0.0,0.0,6.16,22.0,1558735485212
0.0,0.0,6.16,22.0,1558735485313
0.0,0.0,6.16,22.0,1558735485415
0.0,0.0,6.16,22.0,1558735485516
0.0,0.0,6.16,22.0,1558735485617
0.0,0.0,6.16,22.0,1558735485718
0.0,0.0,6.16,22.0,1558735485820
0.0,0.0,6.16,22.0,1558735485922
0.0,0.0,6.16,22.0,1558735486025
0.0,0.0,6.13,22.0,1558735486124
0.0,0.0,6.13,22.0,1558735486225
0.0,0.0,6.13,22.0,1558735486327
0.0,0.0,6.13,22.0,1558735486428
0.0,0.0,6.13,22.0,1558735486529
0.0,0.0,6.13,22.0,1558735486639
0.0,0.0,6.13,22.0,1558735486732
0.0,0.0,6.13,22.0,1558735486834
0.0,0.0,6.13,22.0,1558735486935
0.0,0.0,6.13,22.0,1558735487038
35.16364288330078,139.61427307128906,6.13,22.0,1558735487039
0.0,0.0,6.13,22.0,1558735487598
0.0,0.0,6.13,22.0,1558735487599
0.0,0.0,6.13,22.0,1558735487599
0.0,0.0,6.13,22.0,1558735487603
0.0,0.0,6.13,22.0,1558735487604
0.0,0.0,6.13,22.0,1558735487645
0.0,0.0,6.13,22.0,1558735487746
0.0,0.0,6.13,22.0,1558735487847
0.0,0.0,6.13,22.0,1558735487949
0.0,0.0,6.13,22.0,1558735488052
0.0,0.0,6.1,22.0,1558735488151
0.0,0.0,6.1,22.0,1558735488252
0.0,0.0,6.1,22.0,1558735488354
0.0,0.0,6.1,22.0,1558735488455
0.0,0.0,6.1,22.0,1558735488557
0.0,0.0,6.07,22.0,1558735488658
0.0,0.0,6.07,22.0,1558735488759
0.0,0.0,6.07,22.0,1558735488860
0.0,0.0,6.07,22.0,1558735488962
0.0,0.0,6.07,22.0,1558735489065
0.0,0.0,6.07,22.0,1558735489165
0.0,0.0,6.07,22.0,1558735489266
0.0,0.0,6.07,22.0,1558735489368
0.0,0.0,6.07,22.0,1558735489472
0.0,0.0,6.07,22.0,1558735489571
0.0,0.0,6.07,22.0,1558735489672
0.0,0.0,6.07,22.0,1558735489773
0.0,0.0,6.07,22.0,1558735489874
0.0,0.0,6.07,22.0,1558735489976
0.0,0.0,6.07,22.0,1558735490079
0.0,0.0,6.05,22.0,1558735490179
0.0,0.0,6.05,22.0,1558735490279
0.0,0.0,6.02,22.0,1558735490381
0.0,0.0,5.99,22.0,1558735490490
35.16365051269531,139.61427307128906,5.99,22.0,1558735490491
0.0,0.0,5.99,22.0,1558735490584
0.0,0.0,5.96,22.0,1558735490685
0.0,0.0,5.96,22.0,1558735490786
0.0,0.0,5.96,22.0,1558735490887
0.0,0.0,5.96,22.0,1558735490989
0.0,0.0,5.94,22.0,1558735491095
0.0,0.0,5.91,22.0,1558735491191
0.0,0.0,5.91,22.0,1558735491293
0.0,0.0,5.88,22.0,1558735491395
0.0,0.0,5.85,22.0,1558735491495
0.0,0.0,5.85,22.0,1558735491597
0.0,0.0,5.85,22.0,1558735491698
0.0,0.0,5.88,22.0,1558735491799
0.0,0.0,5.85,22.0,1558735491901
0.0,0.0,5.85,22.0,1558735492002
0.0,0.0,5.85,22.0,1558735492644
0.0,0.0,5.85,22.0,1558735492662
0.0,0.0,5.85,22.0,1558735492662
0.0,0.0,5.85,22.0,1558735492664
0.0,0.0,5.85,22.0,1558735492665
0.0,0.0,5.85,22.0,1558735492665
0.0,0.0,5.83,22.0,1558735492714
0.0,0.0,5.83,22.0,1558735492813
0.0,0.0,5.8,22.0,1558735492914
0.0,0.0,5.8,22.0,1558735493016
0.0,0.0,5.77,22.0,1558735493122
0.0,0.0,5.74,22.0,1558735493218
0.0,0.0,5.74,22.0,1558735493319
0.0,0.0,5.74,22.0,1558735493421
0.0,0.0,5.72,22.0,1558735493522
0.0,0.0,5.72,22.0,1558735493623
0.0,0.0,5.72,21.0,1558735493725
0.0,0.0,5.72,21.0,1558735493825
0.0,0.0,5.72,21.0,1558735493926
0.0,0.0,5.72,21.0,1558735494028
0.0,0.0,5.69,21.0,1558735494131
0.0,0.0,5.69,21.0,1558735494230
0.0,0.0,5.72,21.0,1558735494332
0.0,0.0,5.74,21.0,1558735494433
0.0,0.0,5.74,21.0,1558735494534
0.0,0.0,5.74,21.0,1558735494636
0.0,0.0,5.77,21.0,1558735494737
0.0,0.0,5.8,21.0,1558735494839
0.0,0.0,5.8,21.0,1558735494940
35.16365432739258,139.6142578125,5.8,21.0,1558735494941
0.0,0.0,5.77,21.0,1558735495041
0.0,0.0,5.8,21.0,1558735495145
0.0,0.0,5.8,21.0,1558735495244
0.0,0.0,5.8,21.0,1558735495345
0.0,0.0,5.77,21.0,1558735495447
0.0,0.0,5.8,21.0,1558735495548
0.0,0.0,5.77,21.0,1558735495650
0.0,0.0,5.77,21.0,1558735495751
0.0,0.0,5.77,21.0,1558735495852
0.0,0.0,5.77,21.0,1558735495954
0.0,0.0,5.77,21.0,1558735496055
0.0,0.0,5.77,21.0,1558735496158
0.0,0.0,5.8,21.0,1558735496258
0.0,0.0,5.8,21.0,1558735496359
0.0,0.0,5.83,21.0,1558735496460
0.0,0.0,5.83,21.0,1558735496562
0.0,0.0,5.83,21.0,1558735496663
0.0,0.0,5.85,21.0,1558735496765
0.0,0.0,5.91,21.0,1558735496967
0.0,0.0,5.91,21.0,1558735497069
0.0,0.0,5.94,21.0,1558735497776
0.0,0.0,5.96,21.0,1558735497777
0.0,0.0,5.96,21.0,1558735497777
0.0,0.0,5.94,21.0,1558735497786
0.0,0.0,5.94,21.0,1558735497787
0.0,0.0,5.94,21.0,1558735497787
0.0,0.0,5.96,21.0,1558735497788
0.0,0.0,5.96,21.0,1558735497880
0.0,0.0,5.96,21.0,1558735497981
0.0,0.0,5.96,21.0,1558735498082
0.0,0.0,5.94,21.0,1558735498186
0.0,0.0,5.94,21.0,1558735498285
0.0,0.0,5.94,21.0,1558735498386
0.0,0.0,5.94,21.0,1558735498490
0.0,0.0,5.94,21.0,1558735498589
0.0,0.0,5.94,21.0,1558735498690
0.0,0.0,5.94,21.0,1558735498792
35.163658142089844,139.6142578125,5.94,21.0,1558735498792
0.0,0.0,5.94,21.0,1558735498893
0.0,0.0,5.94,21.0,1558735498994
0.0,0.0,5.94,21.0,1558735499096
0.0,0.0,5.96,21.0,1558735499199
0.0,0.0,5.96,21.0,1558735499298
0.0,0.0,5.96,21.0,1558735499403
0.0,0.0,5.96,21.0,1558735499501
0.0,0.0,5.94,21.0,1558735499602
0.0,0.0,5.94,21.0,1558735499704
0.0,0.0,5.94,21.0,1558735499805
0.0,0.0,5.94,21.0,1558735499906
0.0,0.0,5.94,21.0,1558735500008
0.0,0.0,5.94,21.0,1558735500109
0.0,0.0,5.91,21.0,1558735500298
0.0,0.0,5.91,21.0,1558735500312
0.0,0.0,5.91,21.0,1558735500413
0.0,0.0,5.91,21.0,1558735500570
0.0,0.0,5.91,21.0,1558735500616
0.0,0.0,5.91,21.0,1558735500843
0.0,0.0,5.91,21.0,1558735500843
0.0,0.0,5.91,21.0,1558735500920
0.0,0.0,5.88,21.0,1558735501126
0.0,0.0,5.88,21.0,1558735501126
0.0,0.0,5.88,21.0,1558735501226
0.0,0.0,5.85,21.0,1558735501397
0.0,0.0,5.85,21.0,1558735501428
0.0,0.0,5.83,21.0,1558735501690
0.0,0.0,5.83,21.0,1558735501700
0.0,0.0,5.83,21.0,1558735501730
0.0,0.0,5.85,21.0,1558735502034
0.0,0.0,5.83,21.0,1558735502613
35.163658142089844,139.6142578125,5.83,21.0,1558735502613
0.0,0.0,5.83,21.0,1558735502614
0.0,0.0,5.85,21.0,1558735502621
0.0,0.0,5.85,21.0,1558735502621
0.0,0.0,5.88,21.0,1558735502621
0.0,0.0,5.88,21.0,1558735502643
0.0,0.0,5.85,21.0,1558735502913
0.0,0.0,5.85,21.0,1558735502914
0.0,0.0,5.85,21.0,1558735502947
0.0,0.0,5.88,21.0,1558735503222
0.0,0.0,5.88,21.0,1558735503228
0.0,0.0,5.88,21.0,1558735503253
0.0,0.0,5.85,21.0,1558735503352
0.0,0.0,5.88,21.0,1558735503453
0.0,0.0,5.88,21.0,1558735503555
0.0,0.0,5.88,21.0,1558735503656
0.0,0.0,5.85,21.0,1558735503757
0.0,0.0,5.88,21.0,1558735503859
0.0,0.0,5.88,21.0,1558735503960
0.0,0.0,5.88,21.0,1558735504062
0.0,0.0,5.88,21.0,1558735504163
0.0,0.0,5.88,21.0,1558735504266
0.0,0.0,5.88,21.0,1558735504366
0.0,0.0,5.88,21.0,1558735504467
0.0,0.0,5.91,21.0,1558735504570
0.0,0.0,5.94,21.0,1558735504670
0.0,0.0,5.96,21.0,1558735504771
0.0,0.0,5.96,21.0,1558735504872
0.0,0.0,5.96,21.0,1558735504974
0.0,0.0,5.99,21.0,1558735505080
0.0,0.0,5.96,21.0,1558735505177
0.0,0.0,5.99,21.0,1558735505280
0.0,0.0,5.99,21.0,1558735505380
0.0,0.0,5.99,21.0,1558735505481
0.0,0.0,5.99,21.0,1558735505582
0.0,0.0,5.99,21.0,1558735505685
0.0,0.0,5.99,21.0,1558735505786
0.0,0.0,5.99,21.0,1558735505886
0.0,0.0,5.99,21.0,1558735505988
0.0,0.0,5.99,21.0,1558735506089
0.0,0.0,5.99,21.0,1558735506190
0.0,0.0,5.99,21.0,1558735506294
0.0,0.0,6.02,21.0,1558735506393
0.0,0.0,6.02,21.0,1558735506494
0.0,0.0,6.05,21.0,1558735506596
0.0,0.0,6.02,21.0,1558735506697
0.0,0.0,6.02,21.0,1558735506801
0.0,0.0,6.02,21.0,1558735506900
0.0,0.0,6.02,21.0,1558735507001
0.0,0.0,6.02,21.0,1558735507130
35.16366195678711,139.6142578125,6.02,21.0,1558735507131
0.0,0.0,6.05,21.0,1558735507920
0.0,0.0,6.05,21.0,1558735507930
0.0,0.0,6.05,21.0,1558735507930
0.0,0.0,6.05,21.0,1558735507930
0.0,0.0,6.05,21.0,1558735507931
0.0,0.0,6.05,21.0,1558735507931
0.0,0.0,6.05,21.0,1558735507931
0.0,0.0,6.05,21.0,1558735507931
0.0,0.0,6.05,21.0,1558735508015
0.0,0.0,6.02,21.0,1558735508116
0.0,0.0,5.99,21.0,1558735508218
0.0,0.0,5.99,21.0,1558735508321
0.0,0.0,6.02,21.0,1558735508422
0.0,0.0,6.02,21.0,1558735508522
0.0,0.0,5.99,21.0,1558735508623
0.0,0.0,5.99,21.0,1558735508725
0.0,0.0,5.99,21.0,1558735508826
0.0,0.0,5.96,21.0,1558735508944
0.0,0.0,5.96,21.0,1558735509028
0.0,0.0,5.96,21.0,1558735509130
0.0,0.0,5.99,21.0,1558735509231
0.0,0.0,5.99,21.0,1558735509335
0.0,0.0,5.99,21.0,1558735509434
0.0,0.0,5.99,21.0,1558735509535
0.0,0.0,5.99,21.0,1558735509637
0.0,0.0,5.99,21.0,1558735509738
0.0,0.0,5.96,21.0,1558735509839
0.0,0.0,5.99,21.0,1558735509942
0.0,0.0,5.96,21.0,1558735510042
0.0,0.0,5.99,21.0,1558735510143
0.0,0.0,5.99,21.0,1558735510245
0.0,0.0,5.99,21.0,1558735510348
0.0,0.0,5.99,21.0,1558735510447
0.0,0.0,5.99,21.0,1558735510548
35.16366195678711,139.6142578125,5.99,21.0,1558735510551
0.0,0.0,5.99,21.0,1558735510650
0.0,0.0,5.99,21.0,1558735510751
0.0,0.0,5.99,21.0,1558735510853
0.0,0.0,5.96,21.0,1558735511055
0.0,0.0,5.96,21.0,1558735511156
0.0,0.0,5.99,21.0,1558735511258
0.0,0.0,5.99,21.0,1558735511361
0.0,0.0,6.02,21.0,1558735511504
0.0,0.0,6.02,21.0,1558735511562
0.0,0.0,6.02,21.0,1558735511664
0.0,0.0,5.99,21.0,1558735511765
0.0,0.0,6.02,21.0,1558735511866
0.0,0.0,6.05,21.0,1558735511968
0.0,0.0,6.05,21.0,1558735512071
0.0,0.0,6.05,21.0,1558735512171
0.0,0.0,6.07,21.0,1558735512271
0.0,0.0,6.07,21.0,1558735512375
0.0,0.0,6.07,21.0,1558735512474
0.0,0.0,6.05,21.0,1558735512575
0.0,0.0,6.07,21.0,1558735513098
35.16366195678711,139.6142578125,6.07,21.0,1558735513098
0.0,0.0,6.07,21.0,1558735513101
0.0,0.0,6.07,21.0,1558735513101
0.0,0.0,6.07,21.0,1558735513101
0.0,0.0,6.07,21.0,1558735513101
0.0,0.0,6.07,21.0,1558735513183
0.0,0.0,6.07,21.0,1558735513284
0.0,0.0,6.07,21.0,1558735513388
0.0,0.0,6.05,21.0,1558735513487
0.0,0.0,6.05,21.0,1558735513588
0.0,0.0,6.05,21.0,1558735513690
0.0,0.0,6.05,21.0,1558735513791
0.0,0.0,6.05,21.0,1558735513892
0.0,0.0,6.05,21.0,1558735513994
0.0,0.0,6.05,22.0,1558735514095
0.0,0.0,6.05,22.0,1558735514196
0.0,0.0,6.05,22.0,1558735514298
0.0,0.0,6.05,22.0,1558735514401
0.0,0.0,6.05,22.0,1558735514500
0.0,0.0,6.05,22.0,1558735514678
0.0,0.0,6.05,22.0,1558735514703
0.0,0.0,6.05,22.0,1558735514810
0.0,0.0,6.05,22.0,1558735514906
0.0,0.0,6.07,22.0,1558735515007
0.0,0.0,6.05,22.0,1558735515109
0.0,0.0,6.05,22.0,1558735515210
0.0,0.0,6.05,22.0,1558735515311
0.0,0.0,6.05,22.0,1558735515415
0.0,0.0,6.05,22.0,1558735515514
35.16366195678711,139.6142578125,6.05,22.0,1558735515514
0.0,0.0,6.02,22.0,1558735515615
0.0,0.0,6.02,22.0,1558735515717
0.0,0.0,6.02,22.0,1558735515818
0.0,0.0,6.02,22.0,1558735515920
0.0,0.0,5.99,22.0,1558735516021
0.0,0.0,6.02,22.0,1558735516122
0.0,0.0,6.02,22.0,1558735516223
0.0,0.0,6.02,22.0,1558735516325
0.0,0.0,6.02,22.0,1558735516428
0.0,0.0,6.02,22.0,1558735516528
0.0,0.0,6.02,22.0,1558735516629
0.0,0.0,6.02,22.0,1558735516730
0.0,0.0,6.02,22.0,1558735516832
0.0,0.0,6.05,22.0,1558735516933
0.0,0.0,6.05,22.0,1558735517037
0.0,0.0,6.05,22.0,1558735517136
0.0,0.0,6.07,22.0,1558735517237
0.0,0.0,6.07,22.0,1558735517338
0.0,0.0,6.05,22.0,1558735517442
0.0,0.0,6.05,22.0,1558735517542
0.0,0.0,6.02,22.0,1558735518138
0.0,0.0,6.02,22.0,1558735518139
35.16366195678711,139.6142578125,6.02,22.0,1558735518140
0.0,0.0,6.02,22.0,1558735518141
0.0,0.0,6.02,22.0,1558735518141
0.0,0.0,6.02,22.0,1558735518141
0.0,0.0,6.02,22.0,1558735518149
0.0,0.0,6.02,22.0,1558735518251
0.0,0.0,6.02,22.0,1558735518352
0.0,0.0,6.05,22.0,1558735518455
0.0,0.0,6.05,22.0,1558735518557
0.0,0.0,6.05,22.0,1558735518656
0.0,0.0,6.05,22.0,1558735518758
0.0,0.0,6.05,22.0,1558735518859
0.0,0.0,6.05,22.0,1558735518960
0.0,0.0,6.05,22.0,1558735519061
0.0,0.0,6.05,21.0,1558735519163
0.0,0.0,6.05,21.0,1558735519264
0.0,0.0,6.05,21.0,1558735519365
0.0,0.0,6.05,21.0,1558735519469
0.0,0.0,6.05,21.0,1558735519568
0.0,0.0,6.05,21.0,1558735519670
0.0,0.0,6.05,21.0,1558735519771
0.0,0.0,6.05,21.0,1558735519874
0.0,0.0,6.02,21.0,1558735519974
0.0,0.0,5.99,21.0,1558735520076
0.0,0.0,5.96,21.0,1558735520177
0.0,0.0,5.96,21.0,1558735520278
0.0,0.0,5.96,21.0,1558735520379
35.16366195678711,139.6142578125,5.96,21.0,1558735520380
0.0,0.0,5.96,21.0,1558735520482
0.0,0.0,5.94,21.0,1558735520581
0.0,0.0,5.91,21.0,1558735520683
0.0,0.0,5.94,21.0,1558735520784
0.0,0.0,5.91,21.0,1558735520885
0.0,0.0,5.91,21.0,1558735520987
0.0,0.0,5.91,21.0,1558735521088
0.0,0.0,5.88,21.0,1558735521337
0.0,0.0,5.88,21.0,1558735521338
0.0,0.0,5.88,21.0,1558735521394
0.0,0.0,5.85,21.0,1558735521619
0.0,0.0,5.85,21.0,1558735521619
0.0,0.0,5.85,21.0,1558735521696
0.0,0.0,5.85,21.0,1558735521900
0.0,0.0,5.85,21.0,1558735521900
0.0,0.0,5.85,21.0,1558735522000
0.0,0.0,5.88,21.0,1558735522193
0.0,0.0,5.88,21.0,1558735522203
0.0,0.0,5.91,21.0,1558735522304
0.0,0.0,5.91,21.0,1558735522509
0.0,0.0,5.91,21.0,1558735523098
0.0,0.0,5.88,21.0,1558735523100
0.0,0.0,5.88,21.0,1558735523100
0.0,0.0,5.88,21.0,1558735523104
0.0,0.0,5.85,21.0,1558735523105
0.0,0.0,5.85,21.0,1558735523117
0.0,0.0,5.85,21.0,1558735523361
0.0,0.0,5.88,21.0,1558735523381
0.0,0.0,5.88,21.0,1558735523419
0.0,0.0,5.88,21.0,1558735523709
0.0,0.0,5.88,21.0,1558735523710
0.0,0.0,5.88,21.0,1558735523724
0.0,0.0,5.88,21.0,1558735523974
0.0,0.0,5.91,21.0,1558735523974
0.0,0.0,5.91,21.0,1558735524027
0.0,0.0,5.91,21.0,1558735524280
35.16366195678711,139.6142578125,5.91,21.0,1558735524282
0.0,0.0,5.91,21.0,1558735524286
0.0,0.0,5.91,21.0,1558735524337
0.0,0.0,5.91,21.0,1558735524433
0.0,0.0,5.91,21.0,1558735524536
0.0,0.0,5.91,21.0,1558735524635
0.0,0.0,5.91,21.0,1558735524737
0.0,0.0,5.91,21.0,1558735524838
0.0,0.0,5.91,21.0,1558735524939
0.0,0.0,5.88,21.0,1558735525050
0.0,0.0,5.88,21.0,1558735525142
0.0,0.0,5.88,21.0,1558735525243
0.0,0.0,5.88,21.0,1558735525345
0.0,0.0,5.88,21.0,1558735525446
0.0,0.0,5.85,21.0,1558735525550
0.0,0.0,5.85,21.0,1558735525649
0.0,0.0,5.85,21.0,1558735525750
0.0,0.0,5.83,21.0,1558735525852
0.0,0.0,5.83,21.0,1558735525952
0.0,0.0,5.83,21.0,1558735526053
0.0,0.0,5.83,21.0,1558735526155
0.0,0.0,5.8,21.0,1558735526256
0.0,0.0,5.83,21.0,1558735526357
0.0,0.0,5.83,21.0,1558735526459
0.0,0.0,5.8,21.0,1558735526562
0.0,0.0,5.8,21.0,1558735526661
0.0,0.0,5.83,21.0,1558735526763
0.0,0.0,5.83,21.0,1558735526864
0.0,0.0,5.83,21.0,1558735526965
0.0,0.0,5.8,21.0,1558735527067
0.0,0.0,5.8,21.0,1558735527169
0.0,0.0,5.8,21.0,1558735527270
0.0,0.0,5.8,21.0,1558735527373
0.0,0.0,5.8,21.0,1558735527472
0.0,0.0,5.8,21.0,1558735527577
0.0,0.0,5.8,21.0,1558735527675
0.0,0.0,5.8,21.0,1558735527777
0.0,0.0,5.8,21.0,1558735527878
0.0,0.0,5.8,21.0,1558735527979
0.0,0.0,5.8,21.0,1558735528081
0.0,0.0,5.8,21.0,1558735528182
0.0,0.0,5.8,21.0,1558735528283
0.0,0.0,5.8,21.0,1558735528385
0.0,0.0,5.8,21.0,1558735528486
0.0,0.0,5.8,21.0,1558735528589
0.0,0.0,5.77,21.0,1558735528688
0.0,0.0,5.77,21.0,1558735528790
0.0,0.0,5.74,21.0,1558735529428
35.16366195678711,139.6142578125,5.74,21.0,1558735529432
0.0,0.0,5.74,21.0,1558735529499
0.0,0.0,5.74,21.0,1558735529602
0.0,0.0,5.74,21.0,1558735529702
0.0,0.0,5.74,21.0,1558735529803
0.0,0.0,5.72,21.0,1558735529904
0.0,0.0,5.74,21.0,1558735530007
0.0,0.0,5.72,21.0,1558735530107
0.0,0.0,5.72,21.0,1558735530208
0.0,0.0,5.72,22.0,1558735530311
0.0,0.0,5.72,22.0,1558735530411
0.0,0.0,5.72,22.0,1558735530512
0.0,0.0,5.72,22.0,1558735530616
0.0,0.0,5.69,22.0,1558735530715
0.0,0.0,5.69,22.0,1558735530817
0.0,0.0,5.69,22.0,1558735530918
0.0,0.0,5.69,22.0,1558735531019
0.0,0.0,5.69,22.0,1558735531120
0.0,0.0,5.69,22.0,1558735531222
0.0,0.0,5.69,22.0,1558735531323
0.0,0.0,5.69,22.0,1558735531424
0.0,0.0,5.69,22.0,1558735531526
0.0,0.0,5.69,22.0,1558735531629
0.0,0.0,5.69,22.0,1558735531728
0.0,0.0,5.69,22.0,1558735531830
0.0,0.0,5.69,22.0,1558735531931
0.0,0.0,5.69,22.0,1558735532032
0.0,0.0,5.69,22.0,1558735532134
0.0,0.0,5.66,22.0,1558735532235
0.0,0.0,5.66,22.0,1558735532336
0.0,0.0,5.66,22.0,1558735532438
0.0,0.0,5.66,22.0,1558735532539
0.0,0.0,5.66,22.0,1558735532731
0.0,0.0,5.66,22.0,1558735532743
0.0,0.0,5.66,22.0,1558735532843
0.0,0.0,5.66,22.0,1558735532945
0.0,0.0,5.66,22.0,1558735533046
0.0,0.0,5.69,22.0,1558735533216
0.0,0.0,5.66,22.0,1558735533249
0.0,0.0,5.66,22.0,1558735533352
0.0,0.0,5.69,22.0,1558735533451
0.0,0.0,5.69,22.0,1558735533553
0.0,0.0,5.69,22.0,1558735533656
0.0,0.0,5.66,22.0,1558735534011
0.0,0.0,5.69,22.0,1558735534012
0.0,0.0,5.69,22.0,1558735534012
0.0,0.0,5.69,22.0,1558735534060
0.0,0.0,5.69,22.0,1558735534161
0.0,0.0,5.69,22.0,1558735534262
0.0,0.0,5.69,22.0,1558735534363
0.0,0.0,5.69,22.0,1558735534465
0.0,0.0,5.69,22.0,1558735534566
0.0,0.0,5.69,22.0,1558735534669
0.0,0.0,5.69,22.0,1558735534769
0.0,0.0,5.66,22.0,1558735534870
0.0,0.0,5.66,22.0,1558735534972
0.0,0.0,5.66,22.0,1558735535073
0.0,0.0,5.64,22.0,1558735535174
0.0,0.0,5.64,22.0,1558735535378
0.0,0.0,5.66,22.0,1558735535478
0.0,0.0,5.64,22.0,1558735535580
0.0,0.0,5.64,22.0,1558735535683
0.0,0.0,5.64,22.0,1558735535782
0.0,0.0,5.64,22.0,1558735535884
0.0,0.0,5.64,22.0,1558735535985
0.0,0.0,5.64,22.0,1558735536086
0.0,0.0,5.64,22.0,1558735536189
0.0,0.0,5.61,22.0,1558735536290
0.0,0.0,5.61,22.0,1558735536390
0.0,0.0,5.61,22.0,1558735536492
0.0,0.0,5.61,22.0,1558735536593
0.0,0.0,5.64,22.0,1558735537199
0.0,0.0,5.64,22.0,1558735537200
0.0,0.0,5.64,22.0,1558735537201
0.0,0.0,5.61,22.0,1558735537201
0.0,0.0,5.61,22.0,1558735537210
0.0,0.0,5.61,22.0,1558735537303
0.0,0.0,5.58,22.0,1558735537404
0.0,0.0,5.55,22.0,1558735537505
0.0,0.0,5.55,22.0,1558735537607
0.0,0.0,5.55,22.0,1558735537710
0.0,0.0,5.55,22.0,1558735537809
0.0,0.0,5.53,22.0,1558735537911
0.0,0.0,5.53,22.0,1558735538012
0.0,0.0,5.53,22.0,1558735538113
0.0,0.0,5.53,22.0,1558735538214
0.0,0.0,5.53,22.0,1558735538316
0.0,0.0,5.53,22.0,1558735538417
0.0,0.0,5.53,22.0,1558735538518
0.0,0.0,5.55,22.0,1558735538620
0.0,0.0,5.55,22.0,1558735538724
0.0,0.0,5.55,22.0,1558735538823
0.0,0.0,5.55,22.0,1558735538924
0.0,0.0,5.55,22.0,1558735539025
0.0,0.0,5.55,22.0,1558735539131
0.0,0.0,5.55,22.0,1558735539228
0.0,0.0,5.55,22.0,1558735539330
0.0,0.0,5.55,22.0,1558735539431
0.0,0.0,5.55,22.0,1558735539534
0.0,0.0,5.55,22.0,1558735539634
0.0,0.0,5.55,22.0,1558735539737
0.0,0.0,5.53,22.0,1558735539836
0.0,0.0,5.53,22.0,1558735539938
0.0,0.0,5.5,22.0,1558735540040
0.0,0.0,5.5,22.0,1558735540140
0.0,0.0,5.53,22.0,1558735540241
0.0,0.0,5.53,22.0,1558735540343
0.0,0.0,5.53,22.0,1558735540444
0.0,0.0,5.55,22.0,1558735540545
0.0,0.0,5.55,22.0,1558735540647
0.0,0.0,5.58,22.0,1558735540750
0.0,0.0,5.58,22.0,1558735540849
0.0,0.0,5.58,22.0,1558735540951
0.0,0.0,5.61,22.0,1558735541052
0.0,0.0,5.64,22.0,1558735541154
0.0,0.0,5.61,22.0,1558735541358
0.0,0.0,5.61,22.0,1558735541358
0.0,0.0,5.61,22.0,1558735541457
0.0,0.0,5.64,22.0,1558735541648
0.0,0.0,5.64,22.0,1558735541669
0.0,0.0,5.66,22.0,1558735542196
0.0,0.0,5.66,22.0,1558735542200
0.0,0.0,5.64,22.0,1558735542200
0.0,0.0,5.66,22.0,1558735542201
0.0,0.0,5.66,22.0,1558735542202
0.0,0.0,5.66,22.0,1558735542268
0.0,0.0,5.69,22.0,1558735542483
0.0,0.0,5.66,22.0,1558735542484
0.0,0.0,5.66,22.0,1558735542572
0.0,0.0,5.66,22.0,1558735542771
0.0,0.0,5.66,22.0,1558735542778
0.0,0.0,5.69,22.0,1558735542876
0.0,0.0,5.69,22.0,1558735543072
0.0,0.0,5.69,22.0,1558735543082
0.0,0.0,5.69,22.0,1558735543180
0.0,0.0,5.69,22.0,1558735543382
0.0,0.0,5.69,22.0,1558735543383
0.0,0.0,5.69,22.0,1558735543485
0.0,0.0,5.66,22.0,1558735543688
0.0,0.0,5.66,22.0,1558735543689
0.0,0.0,5.66,22.0,1558735543790
0.0,0.0,5.66,22.0,1558735543992
0.0,0.0,5.64,22.0,1558735543992
0.0,0.0,5.61,22.0,1558735544093
0.0,0.0,5.61,22.0,1558735544295
0.0,0.0,5.58,22.0,1558735544303
0.0,0.0,5.58,22.0,1558735544397
0.0,0.0,5.58,22.0,1558735544498
0.0,0.0,5.58,22.0,1558735544599
0.0,0.0,5.58,22.0,1558735544701
0.0,0.0,5.58,22.0,1558735544804
0.0,0.0,5.58,22.0,1558735544904
0.0,0.0,5.55,22.0,1558735545005
0.0,0.0,5.55,22.0,1558735545106
0.0,0.0,5.55,22.0,1558735545207
0.0,0.0,5.55,22.0,1558735545309
0.0,0.0,5.53,22.0,1558735545410
0.0,0.0,5.53,22.0,1558735545613
0.0,0.0,5.53,22.0,1558735545715
0.0,0.0,5.53,22.0,1558735545817
0.0,0.0,5.53,22.0,1558735545975
0.0,0.0,5.53,22.0,1558735546018
0.0,0.0,5.53,22.0,1558735546119
0.0,0.0,5.5,22.0,1558735546221
0.0,0.0,5.53,22.0,1558735546322
0.0,0.0,5.5,22.0,1558735546423
0.0,0.0,5.53,22.0,1558735546525
0.0,0.0,5.5,22.0,1558735546626
0.0,0.0,5.5,22.0,1558735546810
0.0,0.0,5.53,22.0,1558735546831
0.0,0.0,5.53,22.0,1558735546930
0.0,0.0,5.5,22.0,1558735547033
0.0,0.0,5.5,22.0,1558735547133
0.0,0.0,5.5,22.0,1558735547235
0.0,0.0,5.53,22.0,1558735547336
0.0,0.0,5.53,22.0,1558735547437
0.0,0.0,5.53,22.0,1558735547540
0.0,0.0,5.47,22.0,1558735548165
0.0,0.0,5.44,22.0,1558735548248
0.0,0.0,5.44,22.0,1558735548349
0.0,0.0,5.42,22.0,1558735548450
0.0,0.0,5.42,22.0,1558735548551
0.0,0.0,5.42,22.0,1558735548653
0.0,0.0,5.42,22.0,1558735548754
0.0,0.0,5.39,22.0,1558735548858
0.0,0.0,5.39,22.0,1558735548957
0.0,0.0,5.39,22.0,1558735549058
0.0,0.0,5.39,22.0,1558735549159
0.0,0.0,5.39,22.0,1558735549261
0.0,0.0,5.36,22.0,1558735549464
0.0,0.0,5.36,22.0,1558735549565
0.0,0.0,5.33,22.0,1558735549666
0.0,0.0,5.33,22.0,1558735549767
0.0,0.0,5.31,22.0,1558735549871
0.0,0.0,5.31,22.0,1558735549970
0.0,0.0,5.28,22.0,1558735550071
0.0,0.0,5.28,22.0,1558735550172
0.0,0.0,5.28,22.0,1558735550274
0.0,0.0,5.28,22.0,1558735550376
0.0,0.0,5.28,22.0,1558735550478
0.0,0.0,5.25,22.0,1558735550578
0.0,0.0,5.25,22.0,1558735550723
0.0,0.0,5.25,22.0,1558735550781
0.0,0.0,5.25,22.0,1558735550884
0.0,0.0,5.22,22.0,1558735550983
0.0,0.0,5.22,22.0,1558735551085
0.0,0.0,5.2,22.0,1558735551186
0.0,0.0,5.2,22.0,1558735551287
0.0,0.0,5.2,22.0,1558735551388
0.0,0.0,5.2,22.0,1558735551490
0.0,0.0,5.2,22.0,1558735551592
0.0,0.0,5.2,22.0,1558735551693
0.0,0.0,5.17,22.0,1558735551794
0.0,0.0,5.17,22.0,1558735551897
0.0,0.0,5.14,22.0,1558735551996
0.0,0.0,5.14,22.0,1558735552098
0.0,0.0,5.12,22.0,1558735552199
0.0,0.0,5.12,22.0,1558735552300
0.0,0.0,5.09,22.0,1558735552975
0.0,0.0,5.09,22.0,1558735552976
0.0,0.0,5.06,22.0,1558735552976
0.0,0.0,5.06,22.0,1558735552977
0.0,0.0,5.06,22.0,1558735552977
0.0,0.0,5.06,22.0,1558735552977
0.0,0.0,5.06,22.0,1558735553010
0.0,0.0,5.03,22.0,1558735553111
0.0,0.0,5.03,22.0,1558735553212
0.0,0.0,5.03,22.0,1558735553313
0.0,0.0,5.06,22.0,1558735553415
0.0,0.0,5.06,22.0,1558735553516
0.0,0.0,5.06,22.0,1558735553618
0.0,0.0,5.06,22.0,1558735553722
0.0,0.0,5.03,22.0,1558735553820
0.0,0.0,5.03,22.0,1558735553924
0.0,0.0,5.03,22.0,1558735554023
0.0,0.0,5.06,22.0,1558735554124
0.0,0.0,5.06,22.0,1558735554225
0.0,0.0,5.09,22.0,1558735554327
0.0,0.0,5.09,22.0,1558735554428
0.0,0.0,5.12,22.0,1558735554530
0.0,0.0,5.14,22.0,1558735554631
0.0,0.0,5.17,22.0,1558735554732
0.0,0.0,5.2,22.0,1558735554834
0.0,0.0,5.2,22.0,1558735554938
0.0,0.0,5.22,22.0,1558735555037
0.0,0.0,5.25,22.0,1558735555139
35.1636848449707,139.61424255371094,5.25,22.0,1558735555140
0.0,0.0,5.25,22.0,1558735555241
0.0,0.0,5.28,22.0,1558735555341
0.0,0.0,5.31,22.0,1558735555442
0.0,0.0,5.33,22.0,1558735555543
0.0,0.0,5.36,22.0,1558735555645
0.0,0.0,5.39,22.0,1558735555848
0.0,0.0,5.42,22.0,1558735555951
0.0,0.0,5.44,22.0,1558735556050
0.0,0.0,5.44,22.0,1558735556152
0.0,0.0,5.47,22.0,1558735556253
0.0,0.0,5.53,22.0,1558735556354
0.0,0.0,5.53,22.0,1558735556456
