0.0,0.0,4.714,23.6,1592690703640
0.0,0.0,4.703,23.4,1592690704196
0.0,0.0,4.703,23.4,1592690704289
0.0,0.0,4.703,23.4,1592690704366
0.0,0.0,4.714,23.4,1592690704427
0.0,0.0,4.714,23.4,1592690704499
0.0,0.0,4.714,23.4,1592690704567
0.0,0.0,4.714,23.4,1592690704638
0.0,0.0,4.714,23.4,1592690704708
0.0,0.0,4.714,23.4,1592690704778
0.0,0.0,4.724,23.4,1592690704867
0.0,0.0,4.724,23.4,1592690704919
0.0,0.0,4.724,23.4,1592690704985
0.0,0.0,4.735,23.4,1592690705054
0.0,0.0,4.735,23.4,1592690705124
0.0,0.0,4.735,23.4,1592690705194
0.0,0.0,4.735,23.4,1592690705268
0.0,0.0,4.745,23.4,1592690705406
0.0,0.0,4.745,23.4,1592690705485
0.0,0.0,4.745,23.4,1592690705548
0.0,0.0,4.745,23.4,1592690705628
0.0,0.0,4.745,23.4,1592690705687
0.0,0.0,4.745,23.4,1592690705755
0.0,0.0,4.745,23.4,1592690705825
0.0,0.0,4.745,23.4,1592690705897
0.0,0.0,4.745,23.4,1592690705965
0.0,0.0,4.756,23.4,1592690706050
0.0,0.0,4.756,23.4,1592690706106
0.0,0.0,4.756,23.4,1592690706176
0.0,0.0,4.756,23.4,1592690706715
0.0,0.0,4.756,23.4,1592690706728
0.0,0.0,4.766,23.4,1592690706762
0.0,0.0,4.766,23.4,1592690706773
0.0,0.0,4.766,23.4,1592690706805
0.0,0.0,4.766,23.4,1592690706821
0.0,0.0,4.776,23.4,1592690706846
0.0,0.0,4.776,23.4,1592690706880
0.0,0.0,4.776,23.4,1592690706948
0.0,0.0,4.776,23.4,1592690707019
0.0,0.0,4.776,23.4,1592690707088
0.0,0.0,4.776,23.4,1592690707158
0.0,0.0,4.776,23.4,1592690707229
0.0,0.0,4.766,23.4,1592690707298
0.0,0.0,4.766,23.4,1592690707369
0.0,0.0,4.766,23.4,1592690707438
0.0,0.0,4.766,23.4,1592690707508
0.0,0.0,4.766,23.4,1592690707583
0.0,0.0,4.766,23.4,1592690707651
0.0,0.0,4.766,23.4,1592690707719
0.0,0.0,4.766,23.4,1592690707787
0.0,0.0,4.766,23.4,1592690707859
0.0,0.0,4.766,23.4,1592690707928
0.0,0.0,4.766,23.4,1592690707997
0.0,0.0,4.766,23.4,1592690708069
0.0,0.0,4.766,23.4,1592690708141
0.0,0.0,4.766,23.4,1592690708278
0.0,0.0,4.766,23.4,1592690708351
0.0,0.0,4.766,23.4,1592690708416
0.0,0.0,4.766,23.4,1592690708487
0.0,0.0,4.756,23.4,1592690708561
0.0,0.0,4.756,23.4,1592690708628
0.0,0.0,4.756,23.4,1592690708697
0.0,0.0,4.756,23.4,1592690708767
0.0,0.0,4.745,23.4,1592690708837
0.0,0.0,4.745,23.4,1592690708979
0.0,0.0,4.735,23.4,1592690709057
0.0,0.0,4.735,23.4,1592690709116
0.0,0.0,4.735,23.4,1592690709187
0.0,0.0,4.735,23.4,1592690709257
0.0,0.0,4.724,23.4,1592690709327
0.0,0.0,4.714,23.4,1592690709397
0.0,0.0,4.714,23.4,1592690709466
0.0,0.0,4.714,23.4,1592690709537
0.0,0.0,4.714,23.4,1592690709608
0.0,0.0,4.703,23.4,1592690709677
0.0,0.0,4.703,23.4,1592690709748
0.0,0.0,4.703,23.4,1592690709822
0.0,0.0,4.693,23.4,1592690709960
0.0,0.0,4.693,23.4,1592690710027
0.0,0.0,4.693,23.4,1592690710115
0.0,0.0,4.693,23.4,1592690710168
0.0,0.0,4.703,23.4,1592690710236
0.0,0.0,4.703,23.4,1592690710307
0.0,0.0,4.703,23.4,1592690710378
0.0,0.0,4.703,23.4,1592690710447
0.0,0.0,4.703,23.4,1592690710517
0.0,0.0,4.703,23.4,1592690710586
0.0,0.0,4.703,23.4,1592690710657
0.0,0.0,4.714,23.4,1592690710729
0.0,0.0,4.714,23.4,1592690710797
0.0,0.0,4.714,23.4,1592690710937
0.0,0.0,4.714,23.4,1592690711007
0.0,0.0,4.714,23.4,1592690711077
0.0,0.0,4.724,23.4,1592690711720
0.0,0.0,4.724,23.4,1592690711733
0.0,0.0,4.724,23.4,1592690711740
0.0,0.0,4.724,23.4,1592690711767
0.0,0.0,4.735,23.4,1592690711777
0.0,0.0,4.735,23.4,1592690711786
0.0,0.0,4.735,23.4,1592690711807
0.0,0.0,4.735,23.4,1592690711816
0.0,0.0,4.735,23.4,1592690711826
0.0,0.0,4.745,23.4,1592690711845
0.0,0.0,4.745,23.4,1592690711918
0.0,0.0,4.745,23.4,1592690711987
0.0,0.0,4.745,23.4,1592690712055
0.0,0.0,4.745,23.4,1592690712127
0.0,0.0,4.745,23.4,1592690712196
0.0,0.0,4.745,23.4,1592690712341
0.0,0.0,4.756,23.4,1592690712407
0.0,0.0,4.756,23.4,1592690712549
0.0,0.0,4.756,23.4,1592690712623
0.0,0.0,4.756,23.4,1592690712758
0.0,0.0,4.756,23.2,1592690712834
0.0,0.0,4.756,23.2,1592690712899
0.0,0.0,4.756,23.2,1592690712967
0.0,0.0,4.756,23.2,1592690713036
0.0,0.0,4.745,23.2,1592690713108
0.0,0.0,4.745,23.2,1592690713181
0.0,0.0,4.735,23.2,1592690713249
0.0,0.0,4.735,23.2,1592690713317
0.0,0.0,4.735,23.2,1592690713387
0.0,0.0,4.735,23.2,1592690713457
0.0,0.0,4.724,23.2,1592690713526
0.0,0.0,4.724,23.2,1592690713598
0.0,0.0,4.724,23.2,1592690713665
0.0,0.0,4.724,23.2,1592690713737
0.0,0.0,4.724,23.2,1592690713811
0.0,0.0,4.714,23.2,1592690713880
0.0,0.0,4.714,23.2,1592690713949
0.0,0.0,4.714,23.2,1592690714015
0.0,0.0,4.714,23.2,1592690714086
0.0,0.0,4.714,23.2,1592690714155
0.0,0.0,4.714,23.2,1592690714226
0.0,0.0,4.724,23.2,1592690714297
0.0,0.0,4.724,23.2,1592690714365
0.0,0.0,4.724,23.2,1592690714436
0.0,0.0,4.724,23.2,1592690714505
0.0,0.0,4.735,23.2,1592690714576
0.0,0.0,4.735,23.2,1592690714647
0.0,0.0,4.735,23.2,1592690714715
0.0,0.0,4.735,23.2,1592690714786
0.0,0.0,4.735,23.2,1592690714855
0.0,0.0,4.724,23.2,1592690715015
0.0,0.0,4.724,23.2,1592690715079
0.0,0.0,4.724,23.2,1592690715135
0.0,0.0,4.724,23.2,1592690715206
0.0,0.0,4.724,23.2,1592690715346
0.0,0.0,4.724,23.2,1592690715415
0.0,0.0,4.724,23.2,1592690715485
0.0,0.0,4.735,23.2,1592690715555
0.0,0.0,4.735,23.2,1592690715626
0.0,0.0,4.735,23.2,1592690715768
0.0,0.0,4.735,23.2,1592690715836
0.0,0.0,4.735,23.2,1592690715906
0.0,0.0,4.735,23.2,1592690715980
0.0,0.0,4.735,23.2,1592690716045
0.0,0.0,4.735,23.2,1592690716117
0.0,0.0,4.735,23.2,1592690716185
0.0,0.0,4.724,23.2,1592690716291
0.0,0.0,4.724,23.2,1592690716346
0.0,0.0,4.724,23.2,1592690716401
0.0,0.0,4.714,23.2,1592690716469
0.0,0.0,4.714,23.2,1592690716535
0.0,0.0,4.714,23.2,1592690716605
0.0,0.0,4.714,23.2,1592690716675
0.0,0.0,4.714,23.2,1592690716745
0.0,0.0,4.703,23.2,1592690717299
0.0,0.0,4.703,23.2,1592690717331
0.0,0.0,4.703,23.2,1592690717386
0.0,0.0,4.693,23.2,1592690717394
0.0,0.0,4.693,23.2,1592690717405
0.0,0.0,4.683,23.2,1592690717420
0.0,0.0,4.672,23.2,1592690717428
0.0,0.0,4.672,23.2,1592690717432
0.0,0.0,4.672,23.2,1592690717447
0.0,0.0,4.662,23.2,1592690717461
0.0,0.0,4.662,23.2,1592690717515
0.0,0.0,4.662,23.2,1592690717587
0.0,0.0,4.662,23.2,1592690717659
0.0,0.0,4.651,23.2,1592690717725
0.0,0.0,4.651,23.2,1592690717794
0.0,0.0,4.651,23.2,1592690717864
0.0,0.0,4.651,23.2,1592690717934
0.0,0.0,4.641,23.2,1592690718009
0.0,0.0,4.641,23.2,1592690718076
0.0,0.0,4.641,23.2,1592690718146
0.0,0.0,4.641,23.2,1592690718215
0.0,0.0,4.641,23.2,1592690718284
0.0,0.0,4.641,23.2,1592690718355
0.0,0.0,4.641,23.2,1592690718424
0.0,0.0,4.651,23.2,1592690718563
0.0,0.0,4.651,23.2,1592690718634
0.0,0.0,4.662,23.2,1592690718706
0.0,0.0,4.651,23.2,1592690718777
0.0,0.0,4.651,23.2,1592690718849
0.0,0.0,4.651,23.2,1592690718916
0.0,0.0,4.651,23.2,1592690718984
0.0,0.0,4.662,23.2,1592690719057
0.0,0.0,4.662,23.2,1592690719131
0.0,0.0,4.662,23.2,1592690719195
0.0,0.0,4.662,23.2,1592690719269
0.0,0.0,4.662,23.2,1592690719336
0.0,0.0,4.672,23.2,1592690719405
0.0,0.0,4.672,23.2,1592690719475
0.0,0.0,4.672,23.2,1592690719616
0.0,0.0,4.672,23.2,1592690719687
0.0,0.0,4.683,23.2,1592690719755
0.0,0.0,4.683,23.2,1592690719826
0.0,0.0,4.683,23.2,1592690719895
0.0,0.0,4.683,23.2,1592690719966
0.0,0.0,4.683,23.2,1592690720036
0.0,0.0,4.693,23.2,1592690720178
0.0,0.0,4.693,23.2,1592690720250
0.0,0.0,4.703,23.2,1592690720341
0.0,0.0,4.703,23.2,1592690720385
0.0,0.0,4.703,23.2,1592690720462
0.0,0.0,4.703,23.2,1592690720525
0.0,0.0,4.714,23.2,1592690720595
0.0,0.0,4.714,23.2,1592690720678
0.0,0.0,4.714,23.2,1592690720735
0.0,0.0,4.714,23.2,1592690720805
0.0,0.0,4.714,23.2,1592690720875
0.0,0.0,4.714,23.2,1592690720945
0.0,0.0,4.714,23.2,1592690721015
0.0,0.0,4.714,23.2,1592690721085
0.0,0.0,4.714,23.2,1592690721226
0.0,0.0,4.724,23.2,1592690721297
0.0,0.0,4.724,23.2,1592690721367
0.0,0.0,4.724,23.2,1592690721437
0.0,0.0,4.724,23.2,1592690721506
0.0,0.0,4.724,23.2,1592690721646
0.0,0.0,4.724,23.2,1592690721721
0.0,0.0,4.724,23.2,1592690722493
0.0,0.0,4.724,23.2,1592690722506
0.0,0.0,4.735,23.2,1592690722517
0.0,0.0,4.724,23.2,1592690722534
0.0,0.0,4.735,23.2,1592690722542
0.0,0.0,4.735,23.2,1592690722546
0.0,0.0,4.735,23.2,1592690722551
0.0,0.0,4.735,23.2,1592690722564
0.0,0.0,4.735,23.2,1592690722584
0.0,0.0,4.735,23.2,1592690722594
0.0,0.0,4.735,23.2,1592690722601
0.0,0.0,4.735,23.2,1592690722663
0.0,0.0,4.735,23.2,1592690722729
0.0,0.0,4.735,23.2,1592690722802
0.0,0.0,4.735,23.2,1592690722871
0.0,0.0,4.735,23.2,1592690723010
0.0,0.0,4.735,23.2,1592690723118
0.0,0.0,4.735,23.2,1592690723149
0.0,0.0,4.724,23.2,1592690723219
0.0,0.0,4.724,23.2,1592690723296
0.0,0.0,4.724,23.2,1592690723358
0.0,0.0,4.724,23.2,1592690723447
0.0,0.0,4.724,23.2,1592690723499
0.0,0.0,4.724,23.2,1592690723570
0.0,0.0,4.724,23.2,1592690723638
0.0,0.0,4.724,23.2,1592690723709
0.0,0.0,4.714,23.2,1592690723778
0.0,0.0,4.724,23.2,1592690723848
0.0,0.0,4.714,23.2,1592690723918
0.0,0.0,4.714,23.2,1592690723989
0.0,0.0,4.714,23.2,1592690724059
0.0,0.0,4.714,23.2,1592690724129
0.0,0.0,4.714,23.2,1592690724204
0.0,0.0,4.714,23.2,1592690724342
0.0,0.0,4.714,23.2,1592690724415
0.0,0.0,4.714,23.2,1592690724511
0.0,0.0,4.714,23.2,1592690724553
0.0,0.0,4.714,23.2,1592690724622
0.0,0.0,4.714,23.2,1592690724693
0.0,0.0,4.714,23.2,1592690724759
0.0,0.0,4.703,23.2,1592690724829
0.0,0.0,4.703,23.2,1592690724899
0.0,0.0,4.703,23.2,1592690724969
0.0,0.0,4.703,23.2,1592690725040
0.0,0.0,4.703,23.2,1592690725110
0.0,0.0,4.693,23.2,1592690725179
0.0,0.0,4.693,23.2,1592690725258
0.0,0.0,4.703,23.2,1592690725324
0.0,0.0,4.693,23.2,1592690725396
0.0,0.0,4.693,23.2,1592690725462
0.0,0.0,4.693,23.2,1592690725534
0.0,0.0,4.693,23.2,1592690725607
0.0,0.0,4.693,23.2,1592690725668
0.0,0.0,4.693,23.2,1592690725738
0.0,0.0,4.693,23.2,1592690725808
0.0,0.0,4.693,23.2,1592690725878
0.0,0.0,4.693,23.2,1592690725948
0.0,0.0,4.693,23.2,1592690726018
0.0,0.0,4.693,23.2,1592690726088
0.0,0.0,4.693,23.2,1592690726158
0.0,0.0,4.693,23.2,1592690726230
0.0,0.0,4.693,23.2,1592690726299
0.0,0.0,4.693,23.2,1592690726375
0.0,0.0,4.693,23.2,1592690726462
0.0,0.0,4.703,23.2,1592690726649
0.0,0.0,4.693,23.2,1592690726722
0.0,0.0,4.703,23.2,1592690727647
0.0,0.0,4.703,23.2,1592690727655
35.16269302368164,139.61532592773438,4.703,23.2,1592690727659
0.0,0.0,4.703,23.2,1592690727660
0.0,0.0,4.703,23.2,1592690727672
0.0,0.0,4.714,23.2,1592690727676
0.0,0.0,4.714,23.2,1592690727688
0.0,0.0,4.724,23.2,1592690727693
0.0,0.0,4.724,23.2,1592690727698
0.0,0.0,4.724,23.2,1592690727703
0.0,0.0,4.735,23.2,1592690727708
0.0,0.0,4.745,23.2,1592690727779
0.0,0.0,4.745,23.2,1592690727862
0.0,0.0,4.756,23.2,1592690727919
0.0,0.0,4.756,23.2,1592690727994
0.0,0.0,4.766,23.2,1592690728069
0.0,0.0,4.776,23.2,1592690728169
0.0,0.0,4.787,23.2,1592690728201
0.0,0.0,4.787,23.2,1592690728269
0.0,0.0,4.797,23.2,1592690728339
0.0,0.0,4.808,23.2,1592690728417
0.0,0.0,4.818,23.2,1592690728482
0.0,0.0,4.828,23.2,1592690728691
35.16270446777344,139.61534118652344,4.828,23.2,1592690728698
0.0,0.0,4.828,23.2,1592690728700
0.0,0.0,4.839,23.2,1592690728750
0.0,0.0,4.86,23.2,1592690728828
0.0,0.0,4.87,23.2,1592690728982
0.0,0.0,4.88,23.2,1592690728988
0.0,0.0,4.88,23.2,1592690729002
0.0,0.0,4.891,23.2,1592690729041
0.0,0.0,4.901,23.2,1592690729268
0.0,0.0,4.901,23.2,1592690729290
0.0,0.0,4.912,23.2,1592690729341
0.0,0.0,4.912,23.2,1592690729570
0.0,0.0,4.922,23.2,1592690729593
0.0,0.0,4.922,23.2,1592690729604
0.0,0.0,4.932,23.2,1592690729648
0.0,0.0,4.932,23.2,1592690729688
0.0,0.0,4.932,23.2,1592690729870
0.0,0.0,4.943,23.2,1592690729879
0.0,0.0,4.943,23.2,1592690729892
0.0,0.0,4.953,23.2,1592690729948
0.0,0.0,4.953,23.2,1592690730160
0.0,0.0,4.953,23.2,1592690730164
0.0,0.0,4.953,23.2,1592690730169
0.0,0.0,4.953,23.2,1592690730236
0.0,0.0,4.964,23.2,1592690730466
0.0,0.0,4.964,23.2,1592690730475
0.0,0.0,4.974,23.2,1592690730483
0.0,0.0,4.964,23.2,1592690730558
0.0,0.0,4.964,23.2,1592690730583
0.0,0.0,4.974,23.2,1592690730799
0.0,0.0,4.974,23.2,1592690730819
0.0,0.0,4.974,23.0,1592690730858
0.0,0.0,4.984,23.0,1592690731086
0.0,0.0,4.984,23.0,1592690731102
35.162715911865234,139.61534118652344,4.984,23.0,1592690731105
0.0,0.0,4.984,23.0,1592690731127
0.0,0.0,4.984,23.0,1592690731148
0.0,0.0,4.995,23.0,1592690731387
0.0,0.0,4.995,23.0,1592690731399
0.0,0.0,4.995,23.0,1592690731428
0.0,0.0,4.995,23.0,1592690731466
0.0,0.0,4.995,23.0,1592690731490
0.0,0.0,4.995,23.0,1592690731696
0.0,0.0,4.995,23.0,1592690731705
0.0,0.0,4.995,23.0,1592690731718
0.0,0.0,5.005,23.0,1592690731769
0.0,0.0,5.005,23.0,1592690732286
0.0,0.0,4.995,23.0,1592690732312
0.0,0.0,5.005,23.0,1592690732317
0.0,0.0,5.005,23.0,1592690732322
0.0,0.0,5.016,23.0,1592690732326
0.0,0.0,5.026,23.0,1592690732333
0.0,0.0,5.026,23.0,1592690732349
0.0,0.0,5.047,23.0,1592690732398
0.0,0.0,5.047,23.0,1592690732468
0.0,0.0,5.047,23.0,1592690732543
0.0,0.0,5.047,23.0,1592690732611
0.0,0.0,5.057,23.0,1592690732750
0.0,0.0,5.057,23.0,1592690732819
0.0,0.0,5.047,23.0,1592690732893
0.0,0.0,5.057,23.0,1592690732959
0.0,0.0,5.057,23.0,1592690733100
0.0,0.0,5.057,23.0,1592690733173
0.0,0.0,5.057,23.0,1592690733312
0.0,0.0,5.057,23.0,1592690733385
35.16273498535156,139.6153564453125,5.057,23.0,1592690733394
0.0,0.0,5.057,23.0,1592690733450
0.0,0.0,5.047,23.0,1592690733520
0.0,0.0,5.047,23.0,1592690733591
0.0,0.0,5.047,23.0,1592690733659
0.0,0.0,5.036,23.0,1592690733730
0.0,0.0,5.036,23.0,1592690733800
0.0,0.0,5.036,23.0,1592690733868
0.0,0.0,5.036,23.0,1592690733938
0.0,0.0,5.036,23.0,1592690734008
0.0,0.0,5.036,23.0,1592690734080
0.0,0.0,5.036,23.0,1592690734148
0.0,0.0,5.036,23.0,1592690734288
0.0,0.0,5.036,23.0,1592690734358
0.0,0.0,5.047,23.0,1592690734430
0.0,0.0,5.047,23.0,1592690734506
0.0,0.0,5.047,23.0,1592690734569
0.0,0.0,5.047,23.0,1592690734639
0.0,0.0,5.036,23.0,1592690734713
0.0,0.0,5.047,23.0,1592690734800
0.0,0.0,5.047,23.0,1592690734851
0.0,0.0,5.036,23.0,1592690734920
0.0,0.0,5.036,23.0,1592690734988
0.0,0.0,5.036,23.0,1592690735058
0.0,0.0,5.057,23.0,1592690735131
0.0,0.0,5.057,23.0,1592690735199
0.0,0.0,5.057,23.0,1592690735271
0.0,0.0,5.068,23.0,1592690735338
0.0,0.0,5.078,23.0,1592690735408
0.0,0.0,5.078,23.0,1592690735488
0.0,0.0,5.089,23.0,1592690735548
35.162757873535156,139.61537170410156,5.089,23.0,1592690735618
0.0,0.0,5.089,23.0,1592690735624
0.0,0.0,5.099,23.0,1592690735688
0.0,0.0,5.109,23.0,1592690735758
0.0,0.0,5.12,23.0,1592690735828
0.0,0.0,5.12,23.0,1592690735898
0.0,0.0,5.13,23.0,1592690735967
0.0,0.0,5.13,23.0,1592690736038
0.0,0.0,5.141,23.0,1592690736108
0.0,0.0,5.141,23.0,1592690736179
0.0,0.0,5.141,23.0,1592690736250
0.0,0.0,5.151,23.0,1592690736322
0.0,0.0,5.161,23.0,1592690736389
0.0,0.0,5.172,23.0,1592690736461
0.0,0.0,5.182,23.0,1592690736528
0.0,0.0,5.182,23.0,1592690736599
0.0,0.0,5.193,23.0,1592690736669
35.16278076171875,139.61538696289062,5.193,23.0,1592690736681
0.0,0.0,5.203,23.0,1592690736738
0.0,0.0,5.213,23.0,1592690737296
0.0,0.0,5.213,23.0,1592690737318
0.0,0.0,5.224,23.0,1592690737331
0.0,0.0,5.234,23.0,1592690737370
0.0,0.0,5.234,23.0,1592690737376
0.0,0.0,5.245,23.0,1592690737384
0.0,0.0,5.245,23.0,1592690737394
0.0,0.0,5.255,23.0,1592690737439
0.0,0.0,5.255,23.0,1592690737508
0.0,0.0,5.265,23.0,1592690737602
0.0,0.0,5.265,23.0,1592690737654
0.0,0.0,5.265,23.0,1592690737723
0.0,0.0,5.265,23.0,1592690737789
0.0,0.0,5.276,23.0,1592690737858
0.0,0.0,5.276,23.0,1592690737931
0.0,0.0,5.286,23.0,1592690737999
0.0,0.0,5.276,23.0,1592690738070
0.0,0.0,5.286,23.0,1592690738208
0.0,0.0,5.297,23.0,1592690738278
0.0,0.0,5.297,23.0,1592690738348
0.0,0.0,5.307,23.0,1592690738418
0.0,0.0,5.317,23.0,1592690738493
0.0,0.0,5.328,23.0,1592690738628
0.0,0.0,5.338,23.0,1592690738699
0.0,0.0,5.349,23.0,1592690738769
0.0,0.0,5.359,23.0,1592690738914
35.16279983520508,139.61538696289062,5.359,23.0,1592690738926
0.0,0.0,5.37,23.0,1592690738982
0.0,0.0,5.37,23.0,1592690739050
0.0,0.0,5.38,23.0,1592690739134
0.0,0.0,5.39,23.0,1592690739260
0.0,0.0,5.39,23.0,1592690739362
0.0,0.0,5.401,23.0,1592690739401
0.0,0.0,5.411,23.0,1592690739476
0.0,0.0,5.411,23.0,1592690739567
0.0,0.0,5.422,23.0,1592690739610
0.0,0.0,5.422,23.0,1592690739681
0.0,0.0,5.442,23.0,1592690739750
0.0,0.0,5.442,23.0,1592690739820
0.0,0.0,5.453,23.0,1592690739892
0.0,0.0,5.463,23.0,1592690739963
0.0,0.0,5.463,23.0,1592690740060
0.0,0.0,5.463,23.0,1592690740099
0.0,0.0,5.474,23.0,1592690740171
0.0,0.0,5.474,23.0,1592690740240
0.0,0.0,5.484,23.0,1592690740311
0.0,0.0,5.484,23.0,1592690740381
0.0,0.0,5.494,23.0,1592690740450
0.0,0.0,5.505,23.0,1592690740525
0.0,0.0,5.505,23.0,1592690740662
0.0,0.0,5.505,23.0,1592690740730
0.0,0.0,5.505,23.0,1592690740809
0.0,0.0,5.505,23.0,1592690740872
0.0,0.0,5.505,23.0,1592690740944
0.0,0.0,5.505,23.0,1592690741009
0.0,0.0,5.515,23.0,1592690741079
0.0,0.0,5.515,23.0,1592690741150
35.16282653808594,139.6154022216797,5.515,23.0,1592690741154
0.0,0.0,5.526,23.0,1592690741219
0.0,0.0,5.515,23.0,1592690741297
0.0,0.0,5.526,23.0,1592690741362
0.0,0.0,5.526,23.0,1592690741451
0.0,0.0,5.515,23.0,1592690741519
0.0,0.0,5.515,23.0,1592690741571
0.0,0.0,5.515,23.0,1592690741646
0.0,0.0,5.515,23.0,1592690741712
0.0,0.0,5.515,23.0,1592690741888
0.0,0.0,5.515,23.0,1592690741943
0.0,0.0,5.515,23.0,1592690741991
0.0,0.0,5.515,23.0,1592690742060
0.0,0.0,5.505,23.0,1592690742129
0.0,0.0,5.505,23.0,1592690742199
0.0,0.0,5.505,23.0,1592690742269
0.0,0.0,5.505,23.0,1592690742339
0.0,0.0,5.505,23.0,1592690742409
0.0,0.0,5.505,23.0,1592690742479
0.0,0.0,5.494,23.0,1592690742549
0.0,0.0,5.494,23.0,1592690743069
0.0,0.0,5.494,23.0,1592690743078
0.0,0.0,5.484,23.0,1592690743090
0.0,0.0,5.484,23.0,1592690743101
0.0,0.0,5.484,23.0,1592690743117
0.0,0.0,5.474,23.0,1592690743128
0.0,0.0,5.484,23.0,1592690743158
0.0,0.0,5.474,23.0,1592690743179
0.0,0.0,5.474,23.0,1592690743250
0.0,0.0,5.474,23.0,1592690743460
35.162845611572266,139.6154022216797,5.474,23.0,1592690743466
0.0,0.0,5.474,23.0,1592690743538
0.0,0.0,5.474,23.0,1592690743601
0.0,0.0,5.474,23.0,1592690743673
0.0,0.0,5.463,23.0,1592690743754
0.0,0.0,5.463,23.0,1592690743809
0.0,0.0,5.463,23.0,1592690743922
0.0,0.0,5.463,23.0,1592690743950
0.0,0.0,5.463,23.0,1592690744020
0.0,0.0,5.463,23.0,1592690744090
0.0,0.0,5.463,23.0,1592690744160
0.0,0.0,5.463,23.0,1592690744230
0.0,0.0,5.463,23.0,1592690744301
0.0,0.0,5.463,23.0,1592690744370
0.0,0.0,5.463,23.0,1592690744448
0.0,0.0,5.463,23.0,1592690744511
0.0,0.0,5.474,23.0,1592690744580
0.0,0.0,5.474,23.0,1592690744649
0.0,0.0,5.474,23.0,1592690744720
0.0,0.0,5.474,23.0,1592690744789
0.0,0.0,5.484,23.0,1592690744863
0.0,0.0,5.484,23.0,1592690744929
0.0,0.0,5.484,23.0,1592690744999
0.0,0.0,5.494,23.0,1592690745069
0.0,0.0,5.494,23.0,1592690745148
0.0,0.0,5.494,23.0,1592690745209
0.0,0.0,5.505,23.0,1592690745279
0.0,0.0,5.515,23.0,1592690745349
0.0,0.0,5.526,23.0,1592690745419
0.0,0.0,5.526,23.0,1592690745489
0.0,0.0,5.536,23.0,1592690745562
0.0,0.0,5.536,23.0,1592690745637
0.0,0.0,5.536,23.0,1592690745699
35.162864685058594,139.6154022216797,5.536,23.0,1592690745709
0.0,0.0,5.536,23.0,1592690745778
0.0,0.0,5.546,23.0,1592690745841
0.0,0.0,5.546,23.0,1592690745909
0.0,0.0,5.546,23.0,1592690745979
0.0,0.0,5.546,23.0,1592690746049
0.0,0.0,5.546,23.0,1592690746120
0.0,0.0,5.546,23.0,1592690746189
0.0,0.0,5.557,23.0,1592690746265
0.0,0.0,5.546,23.0,1592690746330
0.0,0.0,5.546,23.0,1592690746399
0.0,0.0,5.546,23.0,1592690746470
0.0,0.0,5.557,23.0,1592690746539
0.0,0.0,5.557,23.0,1592690746610
0.0,0.0,5.557,23.0,1592690746679
0.0,0.0,5.557,23.0,1592690746753
0.0,0.0,5.557,23.0,1592690746819
35.162879943847656,139.6154022216797,5.557,23.0,1592690746821
0.0,0.0,5.567,23.0,1592690746889
0.0,0.0,5.567,23.0,1592690746959
0.0,0.0,5.567,23.0,1592690747030
0.0,0.0,5.567,23.0,1592690747103
0.0,0.0,5.578,23.0,1592690747169
0.0,0.0,5.578,23.0,1592690747240
0.0,0.0,5.578,23.0,1592690747309
0.0,0.0,5.578,23.0,1592690747379
0.0,0.0,5.578,23.0,1592690747449
0.0,0.0,5.588,23.0,1592690747528
0.0,0.0,5.588,23.0,1592690748303
0.0,0.0,5.588,23.0,1592690748317
0.0,0.0,5.588,23.0,1592690748327
0.0,0.0,5.588,23.0,1592690748341
0.0,0.0,5.588,23.0,1592690748346
0.0,0.0,5.598,23.0,1592690748350
0.0,0.0,5.609,23.0,1592690748355
0.0,0.0,5.619,23.0,1592690748377
0.0,0.0,5.619,23.0,1592690748383
0.0,0.0,5.619,23.0,1592690748394
0.0,0.0,5.63,23.0,1592690748463
0.0,0.0,5.63,23.0,1592690748538
0.0,0.0,5.64,23.0,1592690748737
0.0,0.0,5.64,23.0,1592690748744
0.0,0.0,5.64,23.0,1592690748784
0.0,0.0,5.64,22.8,1592690748813
0.0,0.0,5.651,22.8,1592690749028
0.0,0.0,5.651,22.8,1592690749032
0.0,0.0,5.651,22.8,1592690749065
0.0,0.0,5.651,22.8,1592690749094
0.0,0.0,5.651,22.8,1592690749334
0.0,0.0,5.651,22.8,1592690749342
35.16289520263672,139.6154022216797,5.661,22.8,1592690749354
0.0,0.0,5.661,22.8,1592690749361
0.0,0.0,5.661,22.8,1592690749375
0.0,0.0,5.651,22.8,1592690749445
0.0,0.0,5.651,22.8,1592690749623
0.0,0.0,5.651,22.8,1592690749631
0.0,0.0,5.651,22.8,1592690749653
0.0,0.0,5.651,22.8,1592690749723
0.0,0.0,5.651,22.8,1592690749929
0.0,0.0,5.651,22.8,1592690749947
0.0,0.0,5.651,22.8,1592690750005
0.0,0.0,5.651,22.8,1592690750216
0.0,0.0,5.651,22.8,1592690750228
0.0,0.0,5.64,22.8,1592690750243
0.0,0.0,5.64,22.8,1592690750283
0.0,0.0,5.64,22.8,1592690750518
0.0,0.0,5.64,22.8,1592690750534
0.0,0.0,5.63,22.8,1592690750566
0.0,0.0,5.619,22.8,1592690750634
0.0,0.0,5.63,22.8,1592690750852
0.0,0.0,5.63,22.8,1592690750859
0.0,0.0,5.619,22.8,1592690750920
0.0,0.0,5.619,22.8,1592690751135
0.0,0.0,5.619,22.8,1592690751142
0.0,0.0,5.619,22.8,1592690751156
0.0,0.0,5.619,22.8,1592690751193
0.0,0.0,5.619,22.8,1592690751441
0.0,0.0,5.609,22.8,1592690751447
0.0,0.0,5.609,22.8,1592690751491
0.0,0.0,5.609,22.8,1592690751544
35.162906646728516,139.61538696289062,5.609,22.8,1592690751548
0.0,0.0,5.609,22.8,1592690751750
0.0,0.0,5.598,22.8,1592690751758
0.0,0.0,5.598,22.8,1592690751768
0.0,0.0,5.598,22.8,1592690751894
0.0,0.0,5.598,22.8,1592690751964
0.0,0.0,5.598,22.8,1592690752042
0.0,0.0,5.598,22.8,1592690752194
0.0,0.0,5.598,22.8,1592690752249
0.0,0.0,5.598,22.8,1592690752321
0.0,0.0,5.598,22.8,1592690752386
0.0,0.0,5.598,22.8,1592690752459
0.0,0.0,5.598,22.8,1592690752524
0.0,0.0,5.598,22.8,1592690753521
35.16292190551758,139.61538696289062,5.588,22.8,1592690753535
0.0,0.0,5.588,22.8,1592690753544
0.0,0.0,5.588,22.8,1592690753564
0.0,0.0,5.588,22.8,1592690753569
0.0,0.0,5.588,22.8,1592690753573
0.0,0.0,5.578,22.8,1592690753579
0.0,0.0,5.578,22.8,1592690753601
0.0,0.0,5.578,22.8,1592690753629
0.0,0.0,5.578,22.8,1592690753635
0.0,0.0,5.578,22.8,1592690753646
0.0,0.0,5.578,22.8,1592690753700
0.0,0.0,5.578,22.8,1592690753762
0.0,0.0,5.578,22.8,1592690753842
0.0,0.0,5.588,22.8,1592690753900
0.0,0.0,5.588,22.8,1592690753968
0.0,0.0,5.588,22.8,1592690754038
0.0,0.0,5.588,22.8,1592690754107
0.0,0.0,5.588,22.8,1592690754177
0.0,0.0,5.588,22.8,1592690754247
0.0,0.0,5.588,22.8,1592690754319
0.0,0.0,5.588,22.8,1592690754396
0.0,0.0,5.598,22.8,1592690754457
0.0,0.0,5.598,22.8,1592690754527
0.0,0.0,5.588,22.8,1592690754597
0.0,0.0,5.588,22.8,1592690754737
0.0,0.0,5.588,22.8,1592690754807
0.0,0.0,5.588,22.8,1592690754879
0.0,0.0,5.588,22.8,1592690754948
0.0,0.0,5.588,22.8,1592690755032
0.0,0.0,5.588,22.8,1592690755090
0.0,0.0,5.588,22.8,1592690755157
0.0,0.0,5.588,22.8,1592690755230
0.0,0.0,5.588,22.8,1592690755297
0.0,0.0,5.588,22.8,1592690755369
0.0,0.0,5.598,22.8,1592690755437
0.0,0.0,5.598,22.8,1592690755515
0.0,0.0,5.598,22.8,1592690755577
0.0,0.0,5.598,22.8,1592690755647
0.0,0.0,5.598,22.8,1592690755717
0.0,0.0,5.598,22.8,1592690755787
35.162933349609375,139.61538696289062,5.598,22.8,1592690755793
0.0,0.0,5.598,22.8,1592690755857
0.0,0.0,5.598,22.8,1592690755927
0.0,0.0,5.598,22.8,1592690755997
0.0,0.0,5.598,22.8,1592690756081
0.0,0.0,5.598,22.8,1592690756140
0.0,0.0,5.588,22.8,1592690756208
0.0,0.0,5.588,22.8,1592690756277
0.0,0.0,5.588,22.8,1592690756347
0.0,0.0,5.588,22.8,1592690756418
0.0,0.0,5.588,22.8,1592690756487
0.0,0.0,5.588,22.8,1592690756563
0.0,0.0,5.588,22.8,1592690756632
0.0,0.0,5.588,22.8,1592690756697
0.0,0.0,5.588,22.8,1592690756766
0.0,0.0,5.588,22.8,1592690756907
0.0,0.0,5.588,22.8,1592690756978
0.0,0.0,5.588,22.8,1592690757048
0.0,0.0,5.588,22.8,1592690757137
0.0,0.0,5.588,22.8,1592690757257
0.0,0.0,5.588,22.8,1592690757327
0.0,0.0,5.588,22.8,1592690757408
0.0,0.0,5.588,22.8,1592690757467
0.0,0.0,5.588,22.8,1592690757537
0.0,0.0,5.588,22.8,1592690758072
0.0,0.0,5.588,22.8,1592690758088
0.0,0.0,5.588,22.8,1592690758097
0.0,0.0,5.588,22.8,1592690758116
0.0,0.0,5.588,22.8,1592690758131
0.0,0.0,5.588,22.8,1592690758140
0.0,0.0,5.588,22.8,1592690758145
0.0,0.0,5.588,22.8,1592690758150
0.0,0.0,5.588,22.8,1592690758167
0.0,0.0,5.588,22.8,1592690758238
0.0,0.0,5.588,22.8,1592690758309
0.0,0.0,5.578,22.8,1592690758380
0.0,0.0,5.588,22.8,1592690758587
0.0,0.0,5.578,22.8,1592690758664
0.0,0.0,5.588,22.8,1592690758727
0.0,0.0,5.588,22.8,1592690758809
0.0,0.0,5.588,22.8,1592690758877
0.0,0.0,5.588,22.8,1592690758938
0.0,0.0,5.588,22.8,1592690759008
0.0,0.0,5.588,22.8,1592690759078
0.0,0.0,5.598,22.8,1592690759149
35.16294479370117,139.61537170410156,5.598,22.8,1592690759162
0.0,0.0,5.598,22.8,1592690759217
0.0,0.0,5.598,22.8,1592690759288
0.0,0.0,5.609,22.8,1592690759361
0.0,0.0,5.609,22.8,1592690759428
0.0,0.0,5.609,22.8,1592690759498
0.0,0.0,5.609,22.8,1592690759568
0.0,0.0,5.609,22.8,1592690759637
0.0,0.0,5.619,22.8,1592690759778
0.0,0.0,5.619,22.8,1592690759859
0.0,0.0,5.619,22.8,1592690759919
0.0,0.0,5.619,22.8,1592690760050
0.0,0.0,5.619,22.8,1592690760068
0.0,0.0,5.619,22.8,1592690760137
0.0,0.0,5.63,22.8,1592690760197
0.0,0.0,5.63,22.8,1592690760268
0.0,0.0,5.63,22.8,1592690760341
0.0,0.0,5.63,22.8,1592690760407
0.0,0.0,5.64,22.8,1592690760477
0.0,0.0,5.64,22.8,1592690760548
0.0,0.0,5.64,22.8,1592690760620
0.0,0.0,5.651,22.8,1592690760696
0.0,0.0,5.651,22.8,1592690760757
0.0,0.0,5.651,22.8,1592690760828
0.0,0.0,5.651,22.8,1592690760897
0.0,0.0,5.651,22.8,1592690760969
0.0,0.0,5.651,22.8,1592690761041
0.0,0.0,5.651,22.8,1592690761126
0.0,0.0,5.661,22.8,1592690761177
0.0,0.0,5.661,22.8,1592690761247
0.0,0.0,5.651,22.8,1592690761317
0.0,0.0,5.651,22.8,1592690761387
0.0,0.0,5.651,22.8,1592690761464
0.0,0.0,5.661,22.8,1592690761528
0.0,0.0,5.661,22.8,1592690761666
0.0,0.0,5.661,22.8,1592690761736
0.0,0.0,5.651,22.8,1592690761806
0.0,0.0,5.651,22.8,1592690761896
0.0,0.0,5.661,22.8,1592690761947
0.0,0.0,5.661,22.8,1592690762017
0.0,0.0,5.661,22.8,1592690762158
0.0,0.0,5.661,22.8,1592690762227
0.0,0.0,5.661,22.8,1592690762297
0.0,0.0,5.661,22.8,1592690762367
0.0,0.0,5.661,22.8,1592690762442
0.0,0.0,5.661,22.8,1592690762520
0.0,0.0,5.661,22.8,1592690763055
0.0,0.0,5.661,22.8,1592690763064
0.0,0.0,5.661,22.8,1592690763074
0.0,0.0,5.661,22.8,1592690763079
0.0,0.0,5.661,22.8,1592690763086
0.0,0.0,5.661,22.8,1592690763097
0.0,0.0,5.671,22.8,1592690763126
0.0,0.0,5.671,22.8,1592690763134
0.0,0.0,5.671,22.8,1592690763147
0.0,0.0,5.671,22.8,1592690763208
0.0,0.0,5.671,22.8,1592690763285
0.0,0.0,5.671,22.8,1592690763348
0.0,0.0,5.682,22.8,1592690763422
0.0,0.0,5.682,22.8,1592690763510
0.0,0.0,5.692,22.8,1592690763557
0.0,0.0,5.692,22.8,1592690763697
0.0,0.0,5.692,22.8,1592690763769
0.0,0.0,5.692,22.8,1592690763838
0.0,0.0,5.703,22.8,1592690763910
0.0,0.0,5.692,22.8,1592690763979
0.0,0.0,5.692,22.8,1592690764068
35.16295623779297,139.61537170410156,5.692,22.8,1592690764076
0.0,0.0,5.692,22.8,1592690764121
0.0,0.0,5.703,22.8,1592690764186
0.0,0.0,5.703,22.8,1592690764259
0.0,0.0,5.703,22.8,1592690764329
0.0,0.0,5.703,22.8,1592690764407
0.0,0.0,5.703,22.8,1592690764470
0.0,0.0,5.703,22.8,1592690764539
0.0,0.0,5.703,22.8,1592690764607
0.0,0.0,5.703,22.8,1592690764677
0.0,0.0,5.692,22.8,1592690764747
0.0,0.0,5.692,22.8,1592690764818
0.0,0.0,5.692,22.8,1592690764887
0.0,0.0,5.692,22.8,1592690764958
0.0,0.0,5.692,22.8,1592690765027
0.0,0.0,5.692,22.8,1592690765097
0.0,0.0,5.692,22.8,1592690765167
0.0,0.0,5.692,22.8,1592690765237
0.0,0.0,5.692,22.8,1592690765309
0.0,0.0,5.692,22.8,1592690765380
0.0,0.0,5.703,22.8,1592690765495
0.0,0.0,5.703,22.8,1592690765517
0.0,0.0,5.703,22.8,1592690765590
0.0,0.0,5.703,22.8,1592690765657
0.0,0.0,5.713,22.8,1592690765726
0.0,0.0,5.703,22.8,1592690765799
0.0,0.0,5.703,22.8,1592690765870
0.0,0.0,5.703,22.8,1592690765936
0.0,0.0,5.703,22.8,1592690766006
0.0,0.0,5.703,22.8,1592690766077
0.0,0.0,5.713,22.8,1592690766146
0.0,0.0,5.713,22.8,1592690766225
0.0,0.0,5.713,22.8,1592690766286
0.0,0.0,5.713,22.8,1592690766363
0.0,0.0,5.713,22.8,1592690766432
0.0,0.0,5.713,22.8,1592690766497
0.0,0.0,5.713,22.8,1592690766567
0.0,0.0,5.713,22.8,1592690766637
0.0,0.0,5.713,22.8,1592690766707
0.0,0.0,5.713,22.8,1592690766789
0.0,0.0,5.713,22.8,1592690766847
0.0,0.0,5.723,22.8,1592690766917
0.0,0.0,5.723,22.8,1592690766987
0.0,0.0,5.723,22.8,1592690767056
0.0,0.0,5.723,22.8,1592690767126
0.0,0.0,5.723,22.8,1592690767197
0.0,0.0,5.723,22.8,1592690767270
0.0,0.0,5.723,22.8,1592690767348
0.0,0.0,5.734,22.8,1592690767424
35.162960052490234,139.6153564453125,5.734,22.8,1592690767428
0.0,0.0,5.734,22.8,1592690767487
0.0,0.0,5.734,22.8,1592690767547
0.0,0.0,5.723,22.8,1592690768165
0.0,0.0,5.723,22.8,1592690768172
0.0,0.0,5.723,22.8,1592690768187
0.0,0.0,5.723,22.8,1592690768193
0.0,0.0,5.723,22.8,1592690768205
0.0,0.0,5.723,22.8,1592690768213
0.0,0.0,5.723,22.8,1592690768222
0.0,0.0,5.723,22.8,1592690768241
0.0,0.0,5.723,22.8,1592690768247
0.0,0.0,5.713,22.8,1592690768257
0.0,0.0,5.713,22.8,1592690768317
0.0,0.0,5.713,22.8,1592690768394
0.0,0.0,5.713,22.8,1592690768457
0.0,0.0,5.713,22.8,1592690768528
0.0,0.0,5.713,22.8,1592690768771
0.0,0.0,5.713,22.8,1592690768778
0.0,0.0,5.713,22.8,1592690768810
0.0,0.0,5.713,22.8,1592690769022
0.0,0.0,5.713,22.8,1592690769032
0.0,0.0,5.713,22.8,1592690769038
0.0,0.0,5.713,22.8,1592690769087
0.0,0.0,5.713,22.8,1592690769308
0.0,0.0,5.703,22.8,1592690769316
0.0,0.0,5.703,22.8,1592690769330
0.0,0.0,5.703,22.8,1592690769375
0.0,0.0,5.703,22.8,1592690769579
0.0,0.0,5.703,22.8,1592690769591
0.0,0.0,5.703,22.8,1592690769604
0.0,0.0,5.703,22.8,1592690769652
0.0,0.0,5.703,22.8,1592690769856
0.0,0.0,5.703,22.8,1592690769871
0.0,0.0,5.703,22.8,1592690769960
0.0,0.0,5.703,22.8,1592690770136
0.0,0.0,5.703,22.8,1592690770144
0.0,0.0,5.703,22.8,1592690770153
0.0,0.0,5.703,22.8,1592690770211
0.0,0.0,5.703,22.8,1592690770441
0.0,0.0,5.703,22.8,1592690770447
0.0,0.0,5.692,22.8,1592690770495
0.0,0.0,5.692,22.8,1592690770510
0.0,0.0,5.692,22.8,1592690770565
0.0,0.0,5.692,22.8,1592690770748
0.0,0.0,5.692,22.8,1592690770769
0.0,0.0,5.692,22.8,1592690770839
0.0,0.0,5.692,22.8,1592690771056
0.0,0.0,5.682,22.8,1592690771064
0.0,0.0,5.682,22.8,1592690771078
0.0,0.0,5.682,22.8,1592690771136
0.0,0.0,5.692,22.8,1592690771373
0.0,0.0,5.692,22.8,1592690771380
0.0,0.0,5.692,22.8,1592690771388
0.0,0.0,5.692,22.8,1592690771407
0.0,0.0,5.692,22.8,1592690771469
0.0,0.0,5.703,22.8,1592690771669
0.0,0.0,5.703,22.8,1592690771674
0.0,0.0,5.713,22.8,1592690771696
0.0,0.0,5.713,22.8,1592690771748
0.0,0.0,5.713,22.8,1592690771887
0.0,0.0,5.713,22.8,1592690771957
0.0,0.0,5.713,22.8,1592690772027
0.0,0.0,5.723,22.8,1592690772097
0.0,0.0,5.713,22.8,1592690772166
0.0,0.0,5.713,22.8,1592690772236
0.0,0.0,5.723,22.8,1592690772308
0.0,0.0,5.723,22.8,1592690772376
0.0,0.0,5.723,22.8,1592690772446
0.0,0.0,5.723,22.8,1592690772517
0.0,0.0,5.734,22.8,1592690772658
0.0,0.0,5.734,22.8,1592690772728
0.0,0.0,5.734,22.8,1592690772797
0.0,0.0,5.734,22.8,1592690773797
35.1629753112793,139.61532592773438,5.734,22.8,1592690773806
0.0,0.0,5.744,22.8,1592690773820
0.0,0.0,5.744,22.8,1592690773834
0.0,0.0,5.744,22.8,1592690773856
0.0,0.0,5.744,22.8,1592690773893
0.0,0.0,5.744,22.8,1592690773902
0.0,0.0,5.755,22.8,1592690773907
0.0,0.0,5.755,22.8,1592690773911
0.0,0.0,5.755,22.8,1592690773923
0.0,0.0,5.755,22.8,1592690775506
0.0,0.0,5.755,22.8,1592690775584
0.0,0.0,5.755,22.8,1592690775643
0.0,0.0,5.755,22.8,1592690775727
0.0,0.0,5.744,22.8,1592690775784
0.0,0.0,5.744,22.8,1592690775853
0.0,0.0,5.744,22.8,1592690775925
0.0,0.0,5.744,22.8,1592690775993
0.0,0.0,5.734,22.8,1592690776083
0.0,0.0,5.734,22.8,1592690776137
0.0,0.0,5.734,22.8,1592690776202
0.0,0.0,5.723,22.8,1592690776274
0.0,0.0,5.723,22.8,1592690776342
0.0,0.0,5.713,22.8,1592690776412
0.0,0.0,5.713,22.8,1592690776481
0.0,0.0,5.713,22.8,1592690776551
0.0,0.0,5.713,22.8,1592690776622
0.0,0.0,5.703,22.8,1592690776695
0.0,0.0,5.703,22.8,1592690776832
0.0,0.0,5.692,22.8,1592690776901
0.0,0.0,5.692,22.8,1592690776971
0.0,0.0,5.682,22.8,1592690777042
0.0,0.0,5.682,22.8,1592690777117
0.0,0.0,5.682,22.8,1592690777198
0.0,0.0,5.682,22.8,1592690777251
0.0,0.0,5.682,22.8,1592690777322
0.0,0.0,5.671,22.8,1592690777392
0.0,0.0,5.671,22.8,1592690777462
0.0,0.0,5.671,22.8,1592690777539
0.0,0.0,5.661,22.8,1592690777601
0.0,0.0,5.661,22.8,1592690777671
0.0,0.0,5.661,22.8,1592690777744
0.0,0.0,5.651,22.8,1592690777812
0.0,0.0,5.651,22.8,1592690778405
0.0,0.0,5.651,22.8,1592690778414
0.0,0.0,5.64,22.8,1592690778427
0.0,0.0,5.64,22.8,1592690778435
0.0,0.0,5.64,22.8,1592690778448
0.0,0.0,5.63,22.8,1592690778455
0.0,0.0,5.63,22.8,1592690778463
0.0,0.0,5.619,22.8,1592690778469
0.0,0.0,5.619,22.8,1592690778521
0.0,0.0,5.619,22.8,1592690778582
0.0,0.0,5.619,22.8,1592690778664
0.0,0.0,5.609,22.8,1592690778723
0.0,0.0,5.609,22.8,1592690778796
0.0,0.0,5.609,22.8,1592690778862
0.0,0.0,5.609,22.8,1592690778933
0.0,0.0,5.609,22.8,1592690779084
0.0,0.0,5.609,22.8,1592690779142
0.0,0.0,5.609,22.8,1592690779213
0.0,0.0,5.609,22.8,1592690779291
0.0,0.0,5.609,22.8,1592690779353
0.0,0.0,5.609,22.8,1592690779427
0.0,0.0,5.609,22.8,1592690779492
0.0,0.0,5.598,22.8,1592690779573
0.0,0.0,5.598,22.8,1592690779632
0.0,0.0,5.588,22.8,1592690779702
0.0,0.0,5.588,22.8,1592690779773
0.0,0.0,5.588,22.8,1592690779843
0.0,0.0,5.588,22.8,1592690779915
0.0,0.0,5.588,22.8,1592690779983
0.0,0.0,5.578,22.8,1592690780054
0.0,0.0,5.578,22.8,1592690780123
0.0,0.0,5.578,22.8,1592690780197
0.0,0.0,5.578,22.8,1592690780273
0.0,0.0,5.578,22.8,1592690780406
0.0,0.0,5.578,22.8,1592690780542
0.0,0.0,5.578,22.8,1592690780612
0.0,0.0,5.578,22.8,1592690780692
0.0,0.0,5.578,22.8,1592690780764
0.0,0.0,5.578,22.8,1592690780822
0.0,0.0,5.578,22.8,1592690780892
0.0,0.0,5.578,22.8,1592690780962
0.0,0.0,5.578,22.8,1592690781035
0.0,0.0,5.567,22.8,1592690781110
0.0,0.0,5.567,22.8,1592690781241
0.0,0.0,5.567,22.8,1592690781312
0.0,0.0,5.567,22.8,1592690781382
0.0,0.0,5.567,22.8,1592690781456
0.0,0.0,5.557,22.8,1592690781532
0.0,0.0,5.557,22.8,1592690781612
0.0,0.0,5.557,22.8,1592690781662
0.0,0.0,5.557,22.8,1592690781731
0.0,0.0,5.557,22.8,1592690781805
0.0,0.0,5.557,22.8,1592690781872
0.0,0.0,5.557,22.8,1592690781942
0.0,0.0,5.557,22.8,1592690782012
0.0,0.0,5.557,22.8,1592690782083
0.0,0.0,5.557,22.8,1592690782221
0.0,0.0,5.546,22.8,1592690782294
0.0,0.0,5.546,22.8,1592690782362
0.0,0.0,5.546,22.8,1592690782534
0.0,0.0,5.546,22.8,1592690782575
0.0,0.0,5.546,22.8,1592690782648
0.0,0.0,5.546,22.8,1592690782713
0.0,0.0,5.546,22.8,1592690782799
0.0,0.0,5.536,22.8,1592690782853
0.0,0.0,5.546,22.8,1592690782924
0.0,0.0,5.536,22.8,1592690782992
0.0,0.0,5.536,22.8,1592690783063
0.0,0.0,5.536,22.8,1592690783133
0.0,0.0,5.536,22.8,1592690783228
0.0,0.0,5.536,22.8,1592690783278
0.0,0.0,5.536,22.8,1592690783411
0.0,0.0,5.536,22.8,1592690783481
0.0,0.0,5.536,22.8,1592690783553
0.0,0.0,5.536,22.8,1592690783691
0.0,0.0,5.536,22.8,1592690783763
0.0,0.0,5.536,22.8,1592690783834
0.0,0.0,5.536,22.8,1592690783905
0.0,0.0,5.536,22.8,1592690783973
0.0,0.0,5.536,22.8,1592690784043
0.0,0.0,5.526,22.8,1592690784747
0.0,0.0,5.526,22.8,1592690784762
0.0,0.0,5.526,22.8,1592690784791
0.0,0.0,5.526,22.8,1592690784829
0.0,0.0,5.526,22.8,1592690784837
0.0,0.0,5.515,22.8,1592690784846
0.0,0.0,5.515,22.8,1592690784851
0.0,0.0,5.515,22.8,1592690784855
0.0,0.0,5.515,22.8,1592690784862
0.0,0.0,5.526,22.8,1592690784882
0.0,0.0,5.526,22.8,1592690784970
0.0,0.0,5.526,22.8,1592690785023
0.0,0.0,5.526,22.8,1592690785095
0.0,0.0,5.526,22.8,1592690785163
0.0,0.0,5.526,22.8,1592690785233
0.0,0.0,5.526,22.8,1592690785305
0.0,0.0,5.526,22.8,1592690785371
0.0,0.0,5.526,22.8,1592690785442
0.0,0.0,5.536,22.8,1592690785512
0.0,0.0,5.536,22.8,1592690785591
0.0,0.0,5.536,22.8,1592690785651
0.0,0.0,5.536,22.8,1592690785723
0.0,0.0,5.536,22.8,1592690785810
0.0,0.0,5.546,22.8,1592690785862
0.0,0.0,5.546,22.8,1592690785931
0.0,0.0,5.546,22.8,1592690786073
0.0,0.0,5.546,22.8,1592690786142
0.0,0.0,5.546,22.8,1592690786213
0.0,0.0,5.546,22.8,1592690786282
0.0,0.0,5.546,22.8,1592690786423
0.0,0.0,5.546,22.8,1592690786494
0.0,0.0,5.546,22.8,1592690786573
0.0,0.0,5.546,22.8,1592690786642
0.0,0.0,5.546,22.8,1592690786702
0.0,0.0,5.546,22.8,1592690786784
0.0,0.0,5.546,22.8,1592690786846
0.0,0.0,5.546,22.8,1592690786931
0.0,0.0,5.557,22.8,1592690786985
0.0,0.0,5.557,22.8,1592690787087
0.0,0.0,5.557,22.8,1592690787193
0.0,0.0,5.557,22.8,1592690787262
0.0,0.0,5.557,22.8,1592690787331
0.0,0.0,5.557,22.8,1592690787402
0.0,0.0,5.557,22.8,1592690787473
0.0,0.0,5.557,22.8,1592690787551
0.0,0.0,5.557,22.8,1592690787616
0.0,0.0,5.557,22.8,1592690787682
0.0,0.0,5.557,22.8,1592690787751
0.0,0.0,5.557,22.8,1592690787831
0.0,0.0,5.546,22.8,1592690787984
0.0,0.0,5.546,22.8,1592690787991
0.0,0.0,5.546,22.8,1592690788032
0.0,0.0,5.546,22.8,1592690788172
0.0,0.0,5.546,22.8,1592690788263
0.0,0.0,5.546,22.8,1592690788312
0.0,0.0,5.546,22.8,1592690788382
0.0,0.0,5.546,22.8,1592690788453
0.0,0.0,5.546,22.8,1592690788522
0.0,0.0,5.546,22.8,1592690788593
0.0,0.0,5.536,22.8,1592690788765
0.0,0.0,5.536,22.8,1592690788769
0.0,0.0,5.536,22.8,1592690788805
0.0,0.0,5.546,22.8,1592690788883
0.0,0.0,5.546,22.8,1592690789324
0.0,0.0,5.546,22.8,1592690789344
0.0,0.0,5.536,22.8,1592690789356
0.0,0.0,5.536,22.8,1592690789383
0.0,0.0,5.536,22.8,1592690789416
0.0,0.0,5.536,22.8,1592690789423
0.0,0.0,5.536,22.8,1592690789427
0.0,0.0,5.526,22.8,1592690789597
0.0,0.0,5.526,22.8,1592690789610
0.0,0.0,5.526,22.8,1592690789619
0.0,0.0,5.526,22.8,1592690789654
0.0,0.0,5.515,22.8,1592690789712
0.0,0.0,5.526,22.8,1592690789894
0.0,0.0,5.526,22.8,1592690789899
0.0,0.0,5.526,22.8,1592690789942
0.0,0.0,5.526,22.8,1592690789993
0.0,0.0,5.515,22.8,1592690790175
0.0,0.0,5.515,22.8,1592690790186
0.0,0.0,5.515,22.8,1592690790204
0.0,0.0,5.515,22.8,1592690790274
0.0,0.0,5.515,22.8,1592690790477
0.0,0.0,5.515,22.8,1592690790497
0.0,0.0,5.515,22.8,1592690790508
0.0,0.0,5.515,22.8,1592690790562
0.0,0.0,5.515,22.8,1592690790786
0.0,0.0,5.515,22.8,1592690790790
0.0,0.0,5.515,22.8,1592690790807
0.0,0.0,5.515,22.8,1592690790852
0.0,0.0,5.515,22.8,1592690791094
0.0,0.0,5.515,22.8,1592690791102
0.0,0.0,5.515,22.8,1592690791113
0.0,0.0,5.515,22.8,1592690791184
0.0,0.0,5.526,22.8,1592690791401
0.0,0.0,5.526,22.8,1592690791416
0.0,0.0,5.526,22.8,1592690791441
0.0,0.0,5.526,22.8,1592690791707
0.0,0.0,5.526,22.8,1592690791731
0.0,0.0,5.526,22.8,1592690791743
0.0,0.0,5.526,22.8,1592690791764
0.0,0.0,5.526,22.8,1592690791821
0.0,0.0,5.536,22.8,1592690791955
0.0,0.0,5.536,22.8,1592690792023
0.0,0.0,5.536,22.8,1592690792590
0.0,0.0,5.536,22.8,1592690792594
0.0,0.0,5.526,22.8,1592690792608
0.0,0.0,5.526,22.8,1592690792614
0.0,0.0,5.526,22.8,1592690792621
0.0,0.0,5.526,22.8,1592690792644
0.0,0.0,5.526,22.8,1592690792653
0.0,0.0,5.526,22.8,1592690792659
0.0,0.0,5.526,22.8,1592690792669
0.0,0.0,5.526,22.8,1592690792722
0.0,0.0,5.526,22.8,1592690792792
0.0,0.0,5.526,22.8,1592690792864
0.0,0.0,5.526,22.8,1592690792932
0.0,0.0,5.526,22.8,1592690793011
0.0,0.0,5.526,22.8,1592690793141
0.0,0.0,5.526,22.8,1592690793211
0.0,0.0,5.526,22.8,1592690793281
0.0,0.0,5.526,22.8,1592690793421
0.0,0.0,5.526,22.8,1592690793492
0.0,0.0,5.526,22.8,1592690793562
0.0,0.0,5.526,22.8,1592690793632
0.0,0.0,5.526,22.8,1592690793702
0.0,0.0,5.526,22.8,1592690793841
0.0,0.0,5.526,22.8,1592690793912
0.0,0.0,5.526,22.8,1592690793984
0.0,0.0,5.526,22.8,1592690794122
0.0,0.0,5.536,22.8,1592690794191
0.0,0.0,5.536,22.8,1592690794261
0.0,0.0,5.536,22.8,1592690794331
0.0,0.0,5.536,22.8,1592690794409
0.0,0.0,5.536,22.8,1592690794485
0.0,0.0,5.546,22.8,1592690794542
0.0,0.0,5.557,22.8,1592690794611
0.0,0.0,5.557,22.8,1592690794751
0.0,0.0,5.567,22.8,1592690794821
0.0,0.0,5.567,22.8,1592690794893
0.0,0.0,5.567,22.8,1592690794963
0.0,0.0,5.567,22.8,1592690795046
0.0,0.0,5.578,22.8,1592690795102
0.0,0.0,5.578,22.8,1592690795184
0.0,0.0,5.578,22.8,1592690795242
0.0,0.0,5.578,22.8,1592690795312
0.0,0.0,5.588,22.8,1592690795382
0.0,0.0,5.588,22.8,1592690795452
0.0,0.0,5.588,22.8,1592690795522
0.0,0.0,5.588,22.8,1592690795664
0.0,0.0,5.588,22.8,1592690795731
0.0,0.0,5.588,22.8,1592690795804
0.0,0.0,5.598,22.8,1592690795871
0.0,0.0,5.598,22.8,1592690795943
0.0,0.0,5.598,22.8,1592690796011
0.0,0.0,5.598,22.8,1592690796082
0.0,0.0,5.598,22.8,1592690796151
0.0,0.0,5.609,22.8,1592690796222
0.0,0.0,5.609,22.8,1592690796293
0.0,0.0,5.609,22.8,1592690796377
0.0,0.0,5.609,22.8,1592690796432
0.0,0.0,5.609,22.8,1592690796501
0.0,0.0,5.609,22.8,1592690796571
0.0,0.0,5.609,22.8,1592690796650
0.0,0.0,5.609,22.8,1592690796721
0.0,0.0,5.609,22.8,1592690796795
0.0,0.0,5.609,22.8,1592690796852
0.0,0.0,5.609,22.8,1592690796932
0.0,0.0,5.609,22.8,1592690796991
0.0,0.0,5.598,22.8,1592690797062
0.0,0.0,5.598,22.8,1592690797870
0.0,0.0,5.598,22.8,1592690797885
0.0,0.0,5.598,22.8,1592690797895
0.0,0.0,5.598,22.8,1592690797909
0.0,0.0,5.598,22.8,1592690797917
0.0,0.0,5.598,22.8,1592690797928
0.0,0.0,5.598,22.8,1592690797938
0.0,0.0,5.598,22.8,1592690797954
0.0,0.0,5.598,22.8,1592690797962
0.0,0.0,5.588,22.8,1592690797969
0.0,0.0,5.598,22.8,1592690797973
0.0,0.0,5.598,22.8,1592690798096
0.0,0.0,5.598,22.8,1592690798166
0.0,0.0,5.588,22.8,1592690798241
0.0,0.0,5.588,22.8,1592690798306
0.0,0.0,5.588,22.8,1592690798386
0.0,0.0,5.588,22.8,1592690798446
0.0,0.0,5.588,22.8,1592690798516
0.0,0.0,5.588,22.8,1592690798587
0.0,0.0,5.578,22.8,1592690798657
0.0,0.0,5.578,22.8,1592690798728
0.0,0.0,5.578,22.8,1592690798797
0.0,0.0,5.578,22.8,1592690798873
0.0,0.0,5.578,22.8,1592690798936
0.0,0.0,5.578,22.8,1592690799031
0.0,0.0,5.567,22.8,1592690799077
0.0,0.0,5.567,22.8,1592690799152
0.0,0.0,5.567,22.8,1592690799216
0.0,0.0,5.557,22.8,1592690799295
0.0,0.0,5.557,22.8,1592690799356
0.0,0.0,5.557,22.8,1592690799427
0.0,0.0,5.557,22.8,1592690799518
0.0,0.0,5.557,22.8,1592690799567
0.0,0.0,5.557,22.8,1592690799638
0.0,0.0,5.557,22.8,1592690799705
0.0,0.0,5.557,22.8,1592690799775
0.0,0.0,5.557,22.8,1592690799845
0.0,0.0,5.546,22.8,1592690799917
0.0,0.0,5.546,22.8,1592690799985
0.0,0.0,5.546,22.8,1592690800055
0.0,0.0,5.546,22.8,1592690800127
0.0,0.0,5.546,22.8,1592690800195
0.0,0.0,5.536,22.8,1592690800266
0.0,0.0,5.536,22.8,1592690800341
0.0,0.0,5.536,22.8,1592690800407
0.0,0.0,5.536,22.8,1592690800483
0.0,0.0,5.536,22.8,1592690800553
0.0,0.0,5.526,22.8,1592690800620
0.0,0.0,5.526,22.8,1592690800687
0.0,0.0,5.526,22.8,1592690800766
0.0,0.0,5.515,22.8,1592690800829
0.0,0.0,5.515,22.8,1592690800897
0.0,0.0,5.515,22.8,1592690800968
0.0,0.0,5.515,22.8,1592690801112
0.0,0.0,5.515,22.8,1592690801179
0.0,0.0,5.515,22.8,1592690801251
0.0,0.0,5.515,22.8,1592690801324
0.0,0.0,5.505,22.8,1592690801391
0.0,0.0,5.505,22.8,1592690801457
0.0,0.0,5.505,22.8,1592690801528
0.0,0.0,5.505,22.8,1592690801599
0.0,0.0,5.505,22.8,1592690801671
0.0,0.0,5.505,22.8,1592690801738
0.0,0.0,5.494,22.8,1592690801808
0.0,0.0,5.494,22.8,1592690801878
0.0,0.0,5.494,22.8,1592690802017
0.0,0.0,5.494,22.8,1592690802805
0.0,0.0,5.494,22.8,1592690802829
0.0,0.0,5.494,22.8,1592690802847
0.0,0.0,5.494,22.8,1592690802876
0.0,0.0,5.494,22.8,1592690802883
0.0,0.0,5.494,22.8,1592690802887
0.0,0.0,5.484,22.8,1592690802892
0.0,0.0,5.484,22.8,1592690802900
0.0,0.0,5.494,22.8,1592690802907
0.0,0.0,5.484,22.8,1592690802927
0.0,0.0,5.484,22.8,1592690802936
0.0,0.0,5.484,22.8,1592690802939
0.0,0.0,5.484,22.8,1592690802965
0.0,0.0,5.494,22.8,1592690803047
0.0,0.0,5.494,22.8,1592690803106
0.0,0.0,5.494,22.8,1592690803178
0.0,0.0,5.494,22.8,1592690803250
0.0,0.0,5.494,22.8,1592690803387
0.0,0.0,5.494,22.8,1592690803456
0.0,0.0,5.494,22.8,1592690803527
0.0,0.0,5.494,22.8,1592690803597
0.0,0.0,5.484,22.8,1592690803666
0.0,0.0,5.484,22.8,1592690803806
0.0,0.0,5.484,22.8,1592690803875
0.0,0.0,5.484,22.8,1592690804017
0.0,0.0,5.484,22.8,1592690804093
0.0,0.0,5.484,22.8,1592690804156
0.0,0.0,5.484,22.8,1592690804233
0.0,0.0,5.484,22.8,1592690804296
0.0,0.0,5.484,22.8,1592690804369
0.0,0.0,5.484,22.8,1592690804437
0.0,0.0,5.484,22.8,1592690804507
0.0,0.0,5.474,22.8,1592690804582
0.0,0.0,5.474,22.8,1592690804646
0.0,0.0,5.474,22.8,1592690804721
0.0,0.0,5.474,22.8,1592690804858
0.0,0.0,5.474,22.8,1592690804927
0.0,0.0,5.463,22.8,1592690804997
0.0,0.0,5.463,22.8,1592690805074
0.0,0.0,5.463,22.8,1592690805137
0.0,0.0,5.453,22.8,1592690805213
0.0,0.0,5.453,22.8,1592690805276
0.0,0.0,5.453,22.8,1592690805348
0.0,0.0,5.453,22.8,1592690805416
0.0,0.0,5.453,22.8,1592690805490
0.0,0.0,5.442,22.8,1592690805562
0.0,0.0,5.442,22.8,1592690805626
0.0,0.0,5.442,22.8,1592690805700
0.0,0.0,5.442,22.8,1592690805766
0.0,0.0,5.442,22.8,1592690805841
0.0,0.0,5.442,22.8,1592690805906
0.0,0.0,5.453,22.8,1592690805975
0.0,0.0,5.453,22.8,1592690806050
0.0,0.0,5.453,22.8,1592690806115
0.0,0.0,5.442,22.8,1592690806185
0.0,0.0,5.453,22.8,1592690806255
0.0,0.0,5.453,22.8,1592690806329
0.0,0.0,5.442,22.8,1592690806402
0.0,0.0,5.442,22.8,1592690806536
0.0,0.0,5.442,22.8,1592690806613
0.0,0.0,5.442,22.8,1592690806676
0.0,0.0,5.442,22.8,1592690806777
0.0,0.0,5.442,22.8,1592690806816
0.0,0.0,5.442,22.8,1592690806898
0.0,0.0,5.453,22.8,1592690806956
0.0,0.0,5.453,22.8,1592690807026
0.0,0.0,5.453,22.8,1592690807173
0.0,0.0,5.453,22.8,1592690807235
0.0,0.0,5.463,22.8,1592690807313
0.0,0.0,5.463,22.8,1592690807446
0.0,0.0,5.463,22.8,1592690807540
0.0,0.0,5.474,22.8,1592690807591
0.0,0.0,5.474,22.8,1592690808178
0.0,0.0,5.474,22.8,1592690808186
0.0,0.0,5.474,22.8,1592690808198
0.0,0.0,5.474,22.8,1592690808210
0.0,0.0,5.474,22.8,1592690808224
0.0,0.0,5.474,22.8,1592690808240
0.0,0.0,5.484,22.8,1592690808248
0.0,0.0,5.484,22.8,1592690808261
0.0,0.0,5.484,22.8,1592690808268
0.0,0.0,5.484,22.8,1592690808286
0.0,0.0,5.484,22.8,1592690808495
0.0,0.0,5.474,22.8,1592690808565
0.0,0.0,5.484,22.8,1592690808780
0.0,0.0,5.484,22.8,1592690808787
0.0,0.0,5.484,22.8,1592690808802
0.0,0.0,5.484,22.8,1592690808850
0.0,0.0,5.484,22.8,1592690809063
0.0,0.0,5.484,22.8,1592690809070
0.0,0.0,5.484,22.8,1592690809088
0.0,0.0,5.484,22.8,1592690809127
0.0,0.0,5.474,22.8,1592690809353
0.0,0.0,5.474,22.8,1592690809362
0.0,0.0,5.474,22.8,1592690809383
0.0,0.0,5.474,22.8,1592690809415
0.0,0.0,5.463,22.8,1592690809621
0.0,0.0,5.463,22.8,1592690809628
0.0,0.0,5.463,22.8,1592690809635
0.0,0.0,5.463,22.8,1592690809686
0.0,0.0,5.463,22.8,1592690809911
0.0,0.0,5.463,22.8,1592690809915
0.0,0.0,5.453,22.8,1592690809922
0.0,0.0,5.453,22.8,1592690809976
0.0,0.0,5.453,22.8,1592690810190
0.0,0.0,5.453,22.8,1592690810196
0.0,0.0,5.453,22.8,1592690810211
0.0,0.0,5.453,22.8,1592690810498
0.0,0.0,5.442,22.8,1592690810518
0.0,0.0,5.442,22.8,1592690810547
0.0,0.0,5.442,22.8,1592690810576
0.0,0.0,5.442,22.8,1592690810597
0.0,0.0,5.442,22.8,1592690810796
0.0,0.0,5.442,22.8,1592690810813
0.0,0.0,5.442,22.8,1592690810821
0.0,0.0,5.442,22.8,1592690810877
0.0,0.0,5.432,22.8,1592690811103
0.0,0.0,5.432,22.8,1592690811117
0.0,0.0,5.432,22.8,1592690811132
0.0,0.0,5.422,22.8,1592690811167
0.0,0.0,5.422,22.8,1592690811405
0.0,0.0,5.422,22.8,1592690811411
0.0,0.0,5.422,22.8,1592690811439
0.0,0.0,5.422,22.8,1592690811507
0.0,0.0,5.422,22.8,1592690811718
0.0,0.0,5.422,22.8,1592690811737
0.0,0.0,5.422,22.8,1592690811765
0.0,0.0,5.422,22.8,1592690811790
0.0,0.0,5.422,22.8,1592690811856
0.0,0.0,5.422,22.8,1592690811925
0.0,0.0,5.422,22.8,1592690812067
0.0,0.0,5.422,22.8,1592690812138
0.0,0.0,5.411,22.8,1592690812207
0.0,0.0,5.411,22.8,1592690812287
0.0,0.0,5.411,22.8,1592690812347
0.0,0.0,5.411,22.8,1592690812424
0.0,0.0,5.411,22.8,1592690812487
0.0,0.0,5.411,22.8,1592690812596
0.0,0.0,5.401,22.8,1592690812626
0.0,0.0,5.401,22.8,1592690813434
0.0,0.0,5.401,22.8,1592690813442
0.0,0.0,5.401,22.8,1592690813457
0.0,0.0,5.401,22.8,1592690813466
0.0,0.0,5.401,22.8,1592690813481
0.0,0.0,5.39,22.8,1592690813491
0.0,0.0,5.39,22.8,1592690813501
0.0,0.0,5.39,22.8,1592690813505
0.0,0.0,5.38,22.8,1592690814223
0.0,0.0,5.38,22.8,1592690814291
0.0,0.0,5.38,22.8,1592690814361
0.0,0.0,5.38,22.8,1592690814468
0.0,0.0,5.38,22.8,1592690814506
0.0,0.0,5.38,22.8,1592690814571
0.0,0.0,5.38,22.8,1592690814641
0.0,0.0,5.38,22.8,1592690814710
0.0,0.0,5.38,22.8,1592690814783
0.0,0.0,5.38,22.8,1592690814851
0.0,0.0,5.38,22.8,1592690814921
0.0,0.0,5.38,22.8,1592690814992
0.0,0.0,5.39,22.8,1592690815062
0.0,0.0,5.39,22.8,1592690815131
0.0,0.0,5.39,22.8,1592690815203
0.0,0.0,5.39,22.8,1592690815271
0.0,0.0,5.39,22.8,1592690815349
0.0,0.0,5.39,22.8,1592690815415
0.0,0.0,5.401,22.8,1592690815480
0.0,0.0,5.401,22.8,1592690815550
0.0,0.0,5.401,22.8,1592690815627
0.0,0.0,5.411,22.8,1592690815696
0.0,0.0,5.411,22.8,1592690815769
0.0,0.0,5.411,22.8,1592690815830
0.0,0.0,5.422,22.8,1592690815901
0.0,0.0,5.422,22.8,1592690815970
0.0,0.0,5.422,22.8,1592690816041
0.0,0.0,5.432,22.8,1592690816180
0.0,0.0,5.432,22.8,1592690816250
0.0,0.0,5.432,22.8,1592690816320
0.0,0.0,5.432,22.8,1592690816396
0.0,0.0,5.432,22.8,1592690816460
0.0,0.0,5.442,22.8,1592690816530
0.0,0.0,5.442,22.8,1592690816607
35.16299819946289,139.61521911621094,5.442,22.8,1592690816619
0.0,0.0,5.442,22.8,1592690816685
0.0,0.0,5.442,22.8,1592690816743
0.0,0.0,5.442,22.8,1592690816810
0.0,0.0,5.453,22.8,1592690816950
0.0,0.0,5.453,22.8,1592690817089
0.0,0.0,5.453,22.8,1592690817163
0.0,0.0,5.453,22.8,1592690817231
0.0,0.0,5.463,22.8,1592690817304
0.0,0.0,5.463,22.8,1592690817371
0.0,0.0,5.463,22.8,1592690817441
0.0,0.0,5.463,22.8,1592690817519
0.0,0.0,5.463,22.8,1592690817585
0.0,0.0,5.463,22.8,1592690817663
0.0,0.0,5.463,22.8,1592690818167
0.0,0.0,5.463,22.8,1592690818176
0.0,0.0,5.463,22.8,1592690818182
0.0,0.0,5.463,22.8,1592690818191
0.0,0.0,5.453,22.8,1592690818211
0.0,0.0,5.453,22.8,1592690818283
0.0,0.0,5.453,22.8,1592690818356
0.0,0.0,5.453,22.8,1592690818420
0.0,0.0,5.442,22.8,1592690818491
0.0,0.0,5.442,22.8,1592690818568
0.0,0.0,5.442,22.8,1592690818643
0.0,0.0,5.442,22.8,1592690818701
0.0,0.0,5.442,22.8,1592690818772
0.0,0.0,5.442,22.8,1592690818849
0.0,0.0,5.442,22.8,1592690818911
0.0,0.0,5.442,22.8,1592690818980
0.0,0.0,5.442,22.8,1592690819050
0.0,0.0,5.442,22.8,1592690819120
0.0,0.0,5.453,22.8,1592690819195
0.0,0.0,5.442,22.8,1592690819262
0.0,0.0,5.453,22.8,1592690819329
0.0,0.0,5.453,22.8,1592690819400
0.0,0.0,5.453,22.8,1592690819470
0.0,0.0,5.453,22.8,1592690819541
0.0,0.0,5.453,22.8,1592690819610
0.0,0.0,5.453,22.8,1592690819680
0.0,0.0,5.453,22.8,1592690819750
0.0,0.0,5.453,22.8,1592690819820
0.0,0.0,5.442,22.8,1592690819892
0.0,0.0,5.442,22.8,1592690820032
0.0,0.0,5.453,22.8,1592690820101
0.0,0.0,5.442,22.8,1592690820170
0.0,0.0,5.442,22.8,1592690820242
0.0,0.0,5.442,22.8,1592690820311
0.0,0.0,5.442,22.8,1592690820380
0.0,0.0,5.442,22.8,1592690820450
0.0,0.0,5.442,22.8,1592690820520
0.0,0.0,5.442,22.8,1592690820591
0.0,0.0,5.442,22.8,1592690820660
0.0,0.0,5.442,22.8,1592690820741
0.0,0.0,5.442,22.8,1592690820800
0.0,0.0,5.442,22.8,1592690820870
0.0,0.0,5.442,22.8,1592690820941
0.0,0.0,5.442,22.8,1592690821012
0.0,0.0,5.442,22.8,1592690821080
0.0,0.0,5.442,22.8,1592690821150
0.0,0.0,5.432,22.8,1592690821220
0.0,0.0,5.432,22.8,1592690821291
0.0,0.0,5.432,22.8,1592690821376
0.0,0.0,5.432,22.8,1592690821430
0.0,0.0,5.422,22.8,1592690821500
0.0,0.0,5.422,22.8,1592690821570
0.0,0.0,5.411,22.8,1592690821640
0.0,0.0,5.411,22.8,1592690821710
0.0,0.0,5.411,22.8,1592690821781
0.0,0.0,5.401,22.8,1592690821870
0.0,0.0,5.401,22.8,1592690821925
0.0,0.0,5.39,22.8,1592690821990
0.0,0.0,5.39,22.8,1592690822060
0.0,0.0,5.38,22.8,1592690822130
0.0,0.0,5.38,22.8,1592690822224
0.0,0.0,5.38,22.8,1592690822270
0.0,0.0,5.37,22.8,1592690822340
0.0,0.0,5.37,22.8,1592690822414
0.0,0.0,5.359,22.8,1592690822480
0.0,0.0,5.359,22.8,1592690822550
0.0,0.0,5.349,22.8,1592690822620
0.0,0.0,5.349,22.8,1592690823259
0.0,0.0,5.349,22.8,1592690823272
0.0,0.0,5.338,22.8,1592690823280
0.0,0.0,5.338,22.8,1592690823287
0.0,0.0,5.338,22.8,1592690823294
0.0,0.0,5.328,22.8,1592690823305
0.0,0.0,5.328,22.8,1592690823311
0.0,0.0,5.328,22.8,1592690823329
0.0,0.0,5.328,22.8,1592690823333
0.0,0.0,5.317,22.8,1592690823349
0.0,0.0,5.328,22.8,1592690823462
0.0,0.0,5.328,22.8,1592690823530
0.0,0.0,5.328,22.8,1592690823603
0.0,0.0,5.328,22.8,1592690823671
0.0,0.0,5.328,22.8,1592690823742
0.0,0.0,5.328,22.8,1592690823813
0.0,0.0,5.328,22.8,1592690823883
0.0,0.0,5.328,22.8,1592690823952
0.0,0.0,5.328,22.8,1592690824027
0.0,0.0,5.328,22.8,1592690824179
0.0,0.0,5.328,22.8,1592690824231
0.0,0.0,5.328,22.8,1592690824301
0.0,0.0,5.328,22.8,1592690824441
0.0,0.0,5.328,22.8,1592690824513
0.0,0.0,5.328,22.8,1592690824581
0.0,0.0,5.328,22.8,1592690824651
0.0,0.0,5.328,22.8,1592690824720
0.0,0.0,5.338,22.8,1592690824791
0.0,0.0,5.328,22.8,1592690824861
0.0,0.0,5.338,22.8,1592690824935
0.0,0.0,5.338,22.8,1592690825000
0.0,0.0,5.338,22.8,1592690825141
0.0,0.0,5.338,22.8,1592690825234
0.0,0.0,5.338,22.8,1592690825282
0.0,0.0,5.338,22.8,1592690825355
0.0,0.0,5.338,22.8,1592690825421
0.0,0.0,5.338,22.8,1592690825491
0.0,0.0,5.338,22.8,1592690825560
0.0,0.0,5.338,22.8,1592690825630
0.0,0.0,5.338,22.8,1592690825700
0.0,0.0,5.338,22.8,1592690825770
0.0,0.0,5.338,22.8,1592690825845
0.0,0.0,5.338,22.8,1592690825979
0.0,0.0,5.328,22.8,1592690826051
0.0,0.0,5.328,22.8,1592690826129
0.0,0.0,5.328,22.8,1592690826193
0.0,0.0,5.338,22.8,1592690826260
0.0,0.0,5.338,22.8,1592690826330
0.0,0.0,5.338,22.8,1592690826407
0.0,0.0,5.338,22.8,1592690826484
0.0,0.0,5.338,22.8,1592690826541
0.0,0.0,5.338,22.8,1592690826680
0.0,0.0,5.338,22.8,1592690826758
0.0,0.0,5.338,22.8,1592690826827
0.0,0.0,5.349,22.8,1592690826890
0.0,0.0,5.349,22.8,1592690826960
0.0,0.0,5.349,22.8,1592690827030
0.0,0.0,5.359,22.8,1592690827100
0.0,0.0,5.359,22.8,1592690827173
0.0,0.0,5.359,22.8,1592690827268
0.0,0.0,5.37,22.8,1592690827326
0.0,0.0,5.37,22.8,1592690827382
0.0,0.0,5.37,22.8,1592690827450
0.0,0.0,5.38,22.8,1592690827520
0.0,0.0,5.38,22.8,1592690827595
0.0,0.0,5.39,22.8,1592690828576
0.0,0.0,5.39,22.8,1592690828595
0.0,0.0,5.39,22.8,1592690828616
0.0,0.0,5.39,22.8,1592690828633
0.0,0.0,5.39,22.8,1592690828647
0.0,0.0,5.39,22.8,1592690828650
0.0,0.0,5.401,22.8,1592690828654
0.0,0.0,5.401,22.8,1592690828658
0.0,0.0,5.39,22.8,1592690828662
0.0,0.0,5.39,22.8,1592690828693
0.0,0.0,5.39,22.8,1592690828708
0.0,0.0,5.39,22.8,1592690828880
0.0,0.0,5.39,22.8,1592690828886
0.0,0.0,5.39,22.8,1592690828890
0.0,0.0,5.39,22.8,1592690828967
0.0,0.0,5.39,22.8,1592690829153
0.0,0.0,5.39,22.8,1592690829160
0.0,0.0,5.39,22.8,1592690829169
0.0,0.0,5.39,22.8,1592690829267
0.0,0.0,5.39,22.8,1592690829434
0.0,0.0,5.39,22.8,1592690829446
0.0,0.0,5.39,22.8,1592690829516
0.0,0.0,5.38,22.8,1592690829714
0.0,0.0,5.38,22.8,1592690829720
0.0,0.0,5.38,22.8,1592690829823
0.0,0.0,5.38,22.8,1592690829995
0.0,0.0,5.38,22.8,1592690830001
0.0,0.0,5.37,22.8,1592690830024
0.0,0.0,5.37,22.8,1592690830076
0.0,0.0,5.37,22.8,1592690830272
0.0,0.0,5.359,22.8,1592690830275
0.0,0.0,5.359,22.8,1592690830286
0.0,0.0,5.359,22.8,1592690830355
0.0,0.0,5.359,22.8,1592690830579
0.0,0.0,5.349,22.8,1592690830586
0.0,0.0,5.349,22.8,1592690830590
0.0,0.0,5.349,22.8,1592690830651
0.0,0.0,5.349,22.8,1592690830887
0.0,0.0,5.349,22.8,1592690830894
0.0,0.0,5.349,22.8,1592690830898
0.0,0.0,5.349,22.8,1592690830949
0.0,0.0,5.349,22.8,1592690830985
0.0,0.0,5.349,22.8,1592690831192
0.0,0.0,5.349,22.8,1592690831198
0.0,0.0,5.349,22.8,1592690831205
0.0,0.0,5.349,22.8,1592690831272
0.0,0.0,5.349,22.8,1592690831498
0.0,0.0,5.349,22.8,1592690831505
0.0,0.0,5.349,22.8,1592690831515
0.0,0.0,5.349,22.8,1592690831580
0.0,0.0,5.349,22.8,1592690831615
0.0,0.0,5.349,22.8,1592690831808
0.0,0.0,5.349,22.8,1592690831818
0.0,0.0,5.349,22.8,1592690831895
0.0,0.0,5.349,22.8,1592690831965
0.0,0.0,5.349,22.8,1592690832044
0.0,0.0,5.349,22.8,1592690832108
0.0,0.0,5.349,22.8,1592690832175
0.0,0.0,5.349,22.8,1592690832268
0.0,0.0,5.349,22.8,1592690832317
0.0,0.0,5.349,22.8,1592690832397
0.0,0.0,5.349,22.8,1592690832461
0.0,0.0,5.349,22.8,1592690832525
0.0,0.0,5.349,22.8,1592690832601
0.0,0.0,5.349,22.8,1592690832790
0.0,0.0,5.359,22.8,1592690832811
0.0,0.0,5.359,22.8,1592690832818
0.0,0.0,5.359,22.8,1592690832877
0.0,0.0,5.359,22.8,1592690832946
0.0,0.0,5.359,22.8,1592690833033
0.0,0.0,5.359,22.8,1592690833086
0.0,0.0,5.359,22.8,1592690833181
0.0,0.0,5.37,22.8,1592690833226
0.0,0.0,5.37,22.8,1592690833300
0.0,0.0,5.37,22.8,1592690833366
0.0,0.0,5.37,22.8,1592690833440
0.0,0.0,5.37,22.8,1592690833506
0.0,0.0,5.37,22.8,1592690834105
0.0,0.0,5.37,22.8,1592690834120
0.0,0.0,5.37,22.8,1592690834132
0.0,0.0,5.37,22.8,1592690834144
0.0,0.0,5.359,22.8,1592690834150
0.0,0.0,5.359,22.8,1592690834157
0.0,0.0,5.359,22.8,1592690834167
0.0,0.0,5.359,22.8,1592690834174
0.0,0.0,5.359,22.8,1592690834207
0.0,0.0,5.359,22.8,1592690834280
0.0,0.0,5.359,22.8,1592690834358
0.0,0.0,5.359,22.8,1592690834421
0.0,0.0,5.359,22.8,1592690834512
0.0,0.0,5.359,22.8,1592690834565
0.0,0.0,5.359,22.8,1592690834631
0.0,0.0,5.359,22.8,1592690834696
0.0,0.0,5.37,22.8,1592690834797
0.0,0.0,5.37,22.8,1592690834836
0.0,0.0,5.37,22.8,1592690834907
0.0,0.0,5.38,22.8,1592690834976
0.0,0.0,5.38,22.8,1592690835046
0.0,0.0,5.38,22.8,1592690835116
0.0,0.0,5.38,22.8,1592690835198
0.0,0.0,5.38,22.8,1592690835255
0.0,0.0,5.38,22.8,1592690835396
0.0,0.0,5.38,22.8,1592690835472
0.0,0.0,5.38,22.8,1592690835537
0.0,0.0,5.38,22.8,1592690835609
0.0,0.0,5.38,22.8,1592690835677
0.0,0.0,5.39,22.8,1592690835745
0.0,0.0,5.39,22.8,1592690835823
0.0,0.0,5.39,22.8,1592690835885
0.0,0.0,5.39,22.8,1592690835956
0.0,0.0,5.39,22.8,1592690836026
0.0,0.0,5.39,22.8,1592690836094
0.0,0.0,5.39,22.8,1592690836165
0.0,0.0,5.39,22.8,1592690836305
0.0,0.0,5.39,22.8,1592690836374
0.0,0.0,5.39,22.8,1592690836448
0.0,0.0,5.39,22.8,1592690836535
0.0,0.0,5.39,22.8,1592690836655
0.0,0.0,5.39,22.8,1592690836725
0.0,0.0,5.39,22.8,1592690836795
0.0,0.0,5.39,22.8,1592690836865
0.0,0.0,5.39,22.8,1592690836948
0.0,0.0,5.39,22.8,1592690837006
0.0,0.0,5.39,22.8,1592690837145
0.0,0.0,5.39,22.8,1592690837215
0.0,0.0,5.39,22.8,1592690837285
0.0,0.0,5.38,22.8,1592690837355
0.0,0.0,5.38,22.8,1592690837425
0.0,0.0,5.38,22.8,1592690837494
0.0,0.0,5.38,22.8,1592690837565
0.0,0.0,5.38,22.8,1592690837635
0.0,0.0,5.38,22.8,1592690837712
0.0,0.0,5.38,22.8,1592690837779
0.0,0.0,5.38,22.8,1592690837915
0.0,0.0,5.37,22.8,1592690837985
0.0,0.0,5.37,22.8,1592690838066
0.0,0.0,5.37,22.8,1592690838127
0.0,0.0,5.37,22.8,1592690838195
0.0,0.0,5.37,22.8,1592690838265
0.0,0.0,5.37,22.8,1592690838335
0.0,0.0,5.37,22.8,1592690838919
0.0,0.0,5.37,22.8,1592690838936
0.0,0.0,5.38,22.8,1592690838951
0.0,0.0,5.38,22.8,1592690838954
0.0,0.0,5.38,22.8,1592690838959
0.0,0.0,5.38,22.8,1592690838963
0.0,0.0,5.38,22.8,1592690838968
0.0,0.0,5.39,22.8,1592690838986
0.0,0.0,5.39,22.8,1592690838995
0.0,0.0,5.39,22.8,1592690839037
0.0,0.0,5.401,22.8,1592690839108
0.0,0.0,5.401,22.8,1592690839176
0.0,0.0,5.401,22.8,1592690839253
0.0,0.0,5.401,22.8,1592690839316
0.0,0.0,5.401,22.8,1592690839420
0.0,0.0,5.401,22.8,1592690839456
0.0,0.0,5.401,22.8,1592690839532
0.0,0.0,5.401,22.8,1592690839597
0.0,0.0,5.411,22.8,1592690839665
0.0,0.0,5.411,22.8,1592690839736
0.0,0.0,5.411,22.8,1592690839814
0.0,0.0,5.411,22.8,1592690839875
0.0,0.0,5.411,22.8,1592690839944
0.0,0.0,5.411,22.8,1592690840015
0.0,0.0,5.411,22.8,1592690840085
0.0,0.0,5.411,22.8,1592690840160
0.0,0.0,5.411,22.8,1592690840237
0.0,0.0,5.422,22.8,1592690840295
0.0,0.0,5.411,22.8,1592690840364
0.0,0.0,5.411,22.8,1592690840448
0.0,0.0,5.411,22.8,1592690840505
0.0,0.0,5.411,22.8,1592690840644
0.0,0.0,5.401,22.8,1592690840714
0.0,0.0,5.401,22.8,1592690840815
0.0,0.0,5.401,22.8,1592690840855
0.0,0.0,5.401,22.8,1592690840926
0.0,0.0,5.401,22.8,1592690841004
0.0,0.0,5.401,22.8,1592690841066
0.0,0.0,5.401,22.8,1592690841138
0.0,0.0,5.401,22.8,1592690841206
0.0,0.0,5.39,22.8,1592690841276
0.0,0.0,5.39,22.8,1592690841349
0.0,0.0,5.39,22.8,1592690841415
0.0,0.0,5.39,22.8,1592690841485
0.0,0.0,5.39,22.8,1592690841555
0.0,0.0,5.39,22.8,1592690841630
0.0,0.0,5.39,22.8,1592690841695
0.0,0.0,5.39,22.8,1592690841765
0.0,0.0,5.39,22.8,1592690841835
0.0,0.0,5.38,22.8,1592690841905
0.0,0.0,5.38,22.8,1592690841976
0.0,0.0,5.38,22.8,1592690842045
0.0,0.0,5.38,22.8,1592690842129
0.0,0.0,5.38,22.8,1592690842187
0.0,0.0,5.38,22.8,1592690842255
0.0,0.0,5.38,22.8,1592690842325
0.0,0.0,5.38,22.8,1592690842395
0.0,0.0,5.38,22.8,1592690842465
0.0,0.0,5.38,22.8,1592690842544
0.0,0.0,5.38,22.8,1592690842605
0.0,0.0,5.38,22.8,1592690842746
0.0,0.0,5.38,22.8,1592690842815
0.0,0.0,5.38,22.8,1592690842885
0.0,0.0,5.38,22.8,1592690842958
0.0,0.0,5.38,22.8,1592690843034
0.0,0.0,5.37,22.8,1592690843112
0.0,0.0,5.37,22.8,1592690843165
0.0,0.0,5.38,22.8,1592690843235
0.0,0.0,5.38,22.8,1592690843305
0.0,0.0,5.37,22.8,1592690843376
0.0,0.0,5.37,22.8,1592690844255
0.0,0.0,5.37,22.8,1592690844262
0.0,0.0,5.37,22.8,1592690844269
0.0,0.0,5.37,22.8,1592690844287
0.0,0.0,5.37,22.8,1592690844291
0.0,0.0,5.37,22.8,1592690844296
0.0,0.0,5.37,22.8,1592690844300
0.0,0.0,5.37,22.8,1592690844304
0.0,0.0,5.37,22.8,1592690844309
0.0,0.0,5.37,22.8,1592690844343
0.0,0.0,5.359,22.8,1592690844413
0.0,0.0,5.37,22.8,1592690844482
0.0,0.0,5.359,22.8,1592690844558
0.0,0.0,5.359,22.8,1592690844644
0.0,0.0,5.359,22.8,1592690844694
0.0,0.0,5.359,22.8,1592690844765
0.0,0.0,5.349,22.8,1592690844834
0.0,0.0,5.349,22.8,1592690844906
0.0,0.0,5.338,22.8,1592690844974
0.0,0.0,5.338,22.8,1592690845045
0.0,0.0,5.338,22.8,1592690845114
0.0,0.0,5.328,22.8,1592690845184
0.0,0.0,5.328,22.8,1592690845257
0.0,0.0,5.328,22.8,1592690845323
0.0,0.0,5.328,22.8,1592690845401
0.0,0.0,5.328,22.8,1592690845463
0.0,0.0,5.317,22.8,1592690845531
0.0,0.0,5.317,22.8,1592690845601
0.0,0.0,5.317,22.8,1592690845675
0.0,0.0,5.317,22.8,1592690845747
0.0,0.0,5.307,22.8,1592690845812
0.0,0.0,5.307,22.8,1592690845882
0.0,0.0,5.307,22.8,1592690845952
0.0,0.0,5.307,22.8,1592690846022
0.0,0.0,5.307,22.8,1592690846099
0.0,0.0,5.307,22.8,1592690846162
0.0,0.0,5.307,22.8,1592690846232
0.0,0.0,5.297,22.8,1592690846302
0.0,0.0,5.297,22.8,1592690846372
0.0,0.0,5.297,22.8,1592690846442
0.0,0.0,5.297,22.8,1592690846511
0.0,0.0,5.286,22.8,1592690846582
0.0,0.0,5.286,22.8,1592690846721
0.0,0.0,5.276,22.8,1592690846797
0.0,0.0,5.276,22.8,1592690846873
0.0,0.0,5.276,22.8,1592690846932
0.0,0.0,5.276,22.8,1592690847002
0.0,0.0,5.265,22.8,1592690847072
0.0,0.0,5.265,22.8,1592690847142
0.0,0.0,5.265,22.8,1592690847218
0.0,0.0,5.265,22.8,1592690847294
0.0,0.0,5.265,22.8,1592690847352
0.0,0.0,5.265,22.8,1592690847421
0.0,0.0,5.265,22.8,1592690847491
0.0,0.0,5.265,22.8,1592690847565
0.0,0.0,5.265,22.8,1592690847632
0.0,0.0,5.255,22.8,1592690847705
0.0,0.0,5.255,22.8,1592690847795
0.0,0.0,5.255,22.8,1592690847842
0.0,0.0,5.255,22.8,1592690847911
0.0,0.0,5.255,22.8,1592690847982
0.0,0.0,5.255,22.8,1592690848052
0.0,0.0,5.245,22.8,1592690848191
0.0,0.0,5.245,22.8,1592690848261
0.0,0.0,5.245,22.8,1592690848332
0.0,0.0,5.245,22.8,1592690848957
0.0,0.0,5.234,22.8,1592690848969
0.0,0.0,5.234,22.8,1592690848983
0.0,0.0,5.234,22.8,1592690848990
0.0,0.0,5.234,22.8,1592690848997
0.0,0.0,5.234,22.8,1592690849009
0.0,0.0,5.224,22.8,1592690849017
0.0,0.0,5.224,22.8,1592690849027
0.0,0.0,5.224,22.8,1592690849040
0.0,0.0,5.224,22.8,1592690849044
0.0,0.0,5.224,22.8,1592690849102
0.0,0.0,5.224,22.8,1592690849243
0.0,0.0,5.213,22.8,1592690849312
0.0,0.0,5.213,22.8,1592690849383
0.0,0.0,5.213,22.8,1592690849453
0.0,0.0,5.213,22.8,1592690849522
0.0,0.0,5.213,22.8,1592690849619
0.0,0.0,5.213,22.8,1592690849662
0.0,0.0,5.213,22.8,1592690849745
0.0,0.0,5.213,22.8,1592690849937
0.0,0.0,5.213,22.8,1592690849941
0.0,0.0,5.213,22.8,1592690849945
0.0,0.0,5.213,22.8,1592690850012
0.0,0.0,5.213,22.8,1592690850239
0.0,0.0,5.213,22.8,1592690850252
0.0,0.0,5.213,22.8,1592690850262
0.0,0.0,5.213,22.8,1592690850294
0.0,0.0,5.213,22.8,1592690850509
0.0,0.0,5.213,22.8,1592690850522
0.0,0.0,5.213,22.8,1592690850547
0.0,0.0,5.213,22.8,1592690850589
0.0,0.0,5.213,22.8,1592690850802
0.0,0.0,5.213,22.8,1592690850815
0.0,0.0,5.213,22.8,1592690850828
0.0,0.0,5.213,22.8,1592690850852
0.0,0.0,5.213,22.8,1592690851085
0.0,0.0,5.213,22.8,1592690851098
0.0,0.0,5.224,22.8,1592690851105
0.0,0.0,5.224,22.8,1592690851134
0.0,0.0,5.224,22.8,1592690851364
0.0,0.0,5.224,22.8,1592690851392
0.0,0.0,5.234,22.8,1592690851432
0.0,0.0,5.234,22.8,1592690851672
0.0,0.0,5.234,22.8,1592690851677
0.0,0.0,5.224,22.8,1592690851685
0.0,0.0,5.234,22.8,1592690851699
0.0,0.0,5.234,22.8,1592690851762
0.0,0.0,5.234,22.8,1592690851980
0.0,0.0,5.234,22.8,1592690851987
0.0,0.0,5.234,22.8,1592690851998
0.0,0.0,5.234,22.8,1592690852051
0.0,0.0,5.234,22.8,1592690852282
0.0,0.0,5.234,22.8,1592690852292
0.0,0.0,5.234,22.8,1592690852301
0.0,0.0,5.234,22.8,1592690852322
0.0,0.0,5.234,22.8,1592690852393
0.0,0.0,5.234,22.8,1592690852586
0.0,0.0,5.234,22.8,1592690852620
0.0,0.0,5.234,22.8,1592690852666
0.0,0.0,5.234,22.8,1592690852672
0.0,0.0,5.234,22.8,1592690852915
0.0,0.0,5.224,22.8,1592690852924
0.0,0.0,5.224,22.8,1592690852938
0.0,0.0,5.224,22.8,1592690852952
0.0,0.0,5.224,22.8,1592690853022
0.0,0.0,5.224,22.8,1592690853108
0.0,0.0,5.224,22.8,1592690853163
0.0,0.0,5.224,22.8,1592690853303
0.0,0.0,5.224,22.8,1592690853378
0.0,0.0,5.224,22.8,1592690853909
0.0,0.0,5.213,22.8,1592690853928
0.0,0.0,5.213,22.8,1592690853942
0.0,0.0,5.213,22.8,1592690853961
0.0,0.0,5.213,22.8,1592690853981
0.0,0.0,5.213,22.8,1592690853990
0.0,0.0,5.213,22.8,1592690854002
0.0,0.0,5.213,22.8,1592690854013
0.0,0.0,5.203,22.8,1592690854017
0.0,0.0,5.203,22.8,1592690854073
0.0,0.0,5.203,22.8,1592690854172
0.0,0.0,5.193,22.8,1592690854213
0.0,0.0,5.193,22.8,1592690854302
0.0,0.0,5.182,22.8,1592690854353
0.0,0.0,5.182,22.8,1592690854442
0.0,0.0,5.182,22.8,1592690854494
0.0,0.0,5.172,22.8,1592690854577
0.0,0.0,5.172,22.8,1592690854722
0.0,0.0,5.172,22.8,1592690854774
0.0,0.0,5.161,22.8,1592690854844
0.0,0.0,5.161,22.8,1592690854983
0.0,0.0,5.161,22.8,1592690855053
0.0,0.0,5.161,22.8,1592690855122
0.0,0.0,5.151,22.8,1592690855193
0.0,0.0,5.151,22.8,1592690855263
0.0,0.0,5.151,22.8,1592690855334
0.0,0.0,5.151,22.8,1592690855417
0.0,0.0,5.151,22.8,1592690855472
0.0,0.0,5.151,22.8,1592690855542
0.0,0.0,5.141,22.8,1592690855612
0.0,0.0,5.141,22.8,1592690855683
0.0,0.0,5.141,22.8,1592690855761
0.0,0.0,5.141,22.8,1592690855822
0.0,0.0,5.13,22.8,1592690855892
0.0,0.0,5.141,22.8,1592690855962
0.0,0.0,5.13,22.8,1592690856032
0.0,0.0,5.13,22.8,1592690856173
0.0,0.0,5.13,22.8,1592690856242
0.0,0.0,5.13,22.8,1592690856314
0.0,0.0,5.13,22.8,1592690856394
0.0,0.0,5.13,22.8,1592690856452
0.0,0.0,5.13,22.8,1592690856522
0.0,0.0,5.13,22.8,1592690856592
0.0,0.0,5.13,22.8,1592690856674
0.0,0.0,5.13,22.8,1592690856802
0.0,0.0,5.13,22.8,1592690856873
0.0,0.0,5.13,22.8,1592690856942
0.0,0.0,5.13,22.8,1592690857016
0.0,0.0,5.13,22.8,1592690857090
0.0,0.0,5.13,22.8,1592690857152
0.0,0.0,5.13,22.8,1592690857260
0.0,0.0,5.13,22.8,1592690857293
0.0,0.0,5.13,22.8,1592690857363
0.0,0.0,5.13,22.8,1592690857503
0.0,0.0,5.13,22.8,1592690857587
0.0,0.0,5.13,22.8,1592690857643
0.0,0.0,5.13,22.8,1592690857736
0.0,0.0,5.13,22.8,1592690857783
0.0,0.0,5.13,22.8,1592690857852
0.0,0.0,5.13,22.8,1592690857923
0.0,0.0,5.13,22.8,1592690857994
0.0,0.0,5.13,22.8,1592690858064
0.0,0.0,5.13,22.8,1592690858133
0.0,0.0,5.13,22.8,1592690858207
0.0,0.0,5.13,22.8,1592690858273
0.0,0.0,5.13,22.8,1592690858343
0.0,0.0,5.12,22.8,1592690859111
0.0,0.0,5.12,22.8,1592690859126
0.0,0.0,5.12,22.8,1592690859145
0.0,0.0,5.12,22.8,1592690859157
0.0,0.0,5.12,22.8,1592690859165
0.0,0.0,5.12,22.8,1592690859173
0.0,0.0,5.109,22.8,1592690859177
0.0,0.0,5.109,22.8,1592690859181
0.0,0.0,5.109,22.8,1592690859184
0.0,0.0,5.109,22.8,1592690859191
0.0,0.0,5.109,22.8,1592690859195
0.0,0.0,5.109,22.8,1592690859216
0.0,0.0,5.12,22.8,1592690859260
0.0,0.0,5.12,22.8,1592690859401
0.0,0.0,5.12,22.8,1592690859474
0.0,0.0,5.13,22.8,1592690859540
0.0,0.0,5.13,22.8,1592690859611
0.0,0.0,5.13,22.8,1592690859682
0.0,0.0,5.13,22.8,1592690859749
0.0,0.0,5.13,22.8,1592690859823
0.0,0.0,5.13,22.8,1592690859906
0.0,0.0,5.13,22.8,1592690859960
0.0,0.0,5.13,22.8,1592690860032
0.0,0.0,5.13,22.8,1592690860100
0.0,0.0,5.12,22.8,1592690860173
0.0,0.0,5.12,22.8,1592690860240
0.0,0.0,5.12,22.8,1592690860313
0.0,0.0,5.12,22.8,1592690860384
0.0,0.0,5.12,22.8,1592690860455
0.0,0.0,5.12,22.8,1592690860521
0.0,0.0,5.12,22.8,1592690860595
0.0,0.0,5.12,22.8,1592690860659
0.0,0.0,5.12,22.8,1592690860734
0.0,0.0,5.12,22.8,1592690860801
0.0,0.0,5.109,22.8,1592690860871
0.0,0.0,5.109,22.8,1592690860941
0.0,0.0,5.109,22.8,1592690861079
0.0,0.0,5.109,22.8,1592690861161
0.0,0.0,5.109,22.8,1592690861225
0.0,0.0,5.109,22.8,1592690861297
0.0,0.0,5.109,22.8,1592690861362
0.0,0.0,5.12,22.8,1592690861438
0.0,0.0,5.109,22.8,1592690861501
0.0,0.0,5.109,22.8,1592690861575
0.0,0.0,5.109,22.8,1592690861639
0.0,0.0,5.109,22.8,1592690861711
0.0,0.0,5.099,22.8,1592690861780
0.0,0.0,5.099,22.8,1592690861921
0.0,0.0,5.099,22.8,1592690861990
0.0,0.0,5.099,22.8,1592690862066
0.0,0.0,5.099,22.8,1592690862130
0.0,0.0,5.089,22.8,1592690862208
0.0,0.0,5.089,22.8,1592690862271
0.0,0.0,5.089,22.8,1592690862341
0.0,0.0,5.089,22.8,1592690862415
0.0,0.0,5.089,22.8,1592690862482
0.0,0.0,5.089,22.8,1592690862554
0.0,0.0,5.089,22.8,1592690862619
0.0,0.0,5.089,22.8,1592690862689
0.0,0.0,5.089,22.8,1592690862760
0.0,0.0,5.089,22.8,1592690862901
0.0,0.0,5.089,22.8,1592690862969
0.0,0.0,5.089,22.8,1592690863115
0.0,0.0,5.089,22.8,1592690863180
0.0,0.0,5.089,22.8,1592690863251
0.0,0.0,5.089,22.8,1592690863330
0.0,0.0,5.089,22.8,1592690863393
0.0,0.0,5.078,22.8,1592690863491
0.0,0.0,5.078,22.8,1592690863529
0.0,0.0,5.078,22.8,1592690863608
0.0,0.0,5.078,22.8,1592690863669
0.0,0.0,5.068,22.8,1592690863739
0.0,0.0,5.068,22.8,1592690863809
0.0,0.0,5.068,22.8,1592690863879
0.0,0.0,5.057,22.8,1592690863949
0.0,0.0,5.057,22.8,1592690864731
0.0,0.0,5.057,22.8,1592690864753
0.0,0.0,5.057,22.8,1592690864762
35.16300582885742,139.61509704589844,5.057,22.8,1592690864768
0.0,0.0,5.057,22.8,1592690864777
0.0,0.0,5.057,22.8,1592690864786
0.0,0.0,5.047,22.8,1592690864797
0.0,0.0,5.047,22.8,1592690864806
0.0,0.0,5.047,22.8,1592690864810
0.0,0.0,5.047,22.8,1592690864829
0.0,0.0,5.047,22.8,1592690864840
0.0,0.0,5.047,22.8,1592690864843
0.0,0.0,5.047,22.8,1592690864896
0.0,0.0,5.047,22.8,1592690864967
0.0,0.0,5.047,22.8,1592690865032
0.0,0.0,5.047,22.8,1592690865172
0.0,0.0,5.047,22.8,1592690865242
0.0,0.0,5.047,22.8,1592690865312
0.0,0.0,5.047,22.8,1592690865387
0.0,0.0,5.047,22.8,1592690865454
0.0,0.0,5.047,22.8,1592690865526
0.0,0.0,5.047,22.8,1592690865596
0.0,0.0,5.047,22.8,1592690865665
0.0,0.0,5.047,22.8,1592690865733
0.0,0.0,5.057,22.8,1592690865802
0.0,0.0,5.057,22.8,1592690865882
0.0,0.0,5.057,22.8,1592690865945
0.0,0.0,5.057,22.8,1592690866013
0.0,0.0,5.068,22.8,1592690866083
0.0,0.0,5.068,22.8,1592690866153
0.0,0.0,5.068,22.8,1592690866223
0.0,0.0,5.068,22.8,1592690866304
0.0,0.0,5.068,22.8,1592690866367
0.0,0.0,5.068,22.8,1592690866440
0.0,0.0,5.078,22.8,1592690866511
0.0,0.0,5.078,22.8,1592690866573
0.0,0.0,5.078,22.8,1592690866660
0.0,0.0,5.078,22.8,1592690866711
0.0,0.0,5.078,22.8,1592690866782
0.0,0.0,5.089,22.8,1592690866853
0.0,0.0,5.078,22.8,1592690866923
0.0,0.0,5.078,22.8,1592690866999
0.0,0.0,5.078,22.8,1592690867062
0.0,0.0,5.078,22.8,1592690867131
0.0,0.0,5.078,22.8,1592690867201
0.0,0.0,5.078,22.8,1592690867272
0.0,0.0,5.078,22.8,1592690867342
0.0,0.0,5.078,22.8,1592690867412
0.0,0.0,5.078,22.8,1592690867489
0.0,0.0,5.078,22.8,1592690867551
0.0,0.0,5.078,22.8,1592690867621
0.0,0.0,5.078,22.8,1592690867693
0.0,0.0,5.078,22.8,1592690867778
0.0,0.0,5.078,22.8,1592690867832
0.0,0.0,5.078,22.8,1592690867901
0.0,0.0,5.078,22.8,1592690867972
0.0,0.0,5.078,22.8,1592690868047
0.0,0.0,5.078,22.8,1592690868115
0.0,0.0,5.078,22.8,1592690868182
0.0,0.0,5.078,22.8,1592690868251
0.0,0.0,5.078,22.8,1592690868321
0.0,0.0,5.078,22.8,1592690868391
0.0,0.0,5.078,22.8,1592690868467
0.0,0.0,5.078,22.8,1592690868551
0.0,0.0,5.078,22.8,1592690868608
0.0,0.0,5.078,22.8,1592690868671
0.0,0.0,5.078,22.8,1592690868742
0.0,0.0,5.078,22.8,1592690868812
0.0,0.0,5.078,22.8,1592690868881
0.0,0.0,5.078,22.8,1592690868964
0.0,0.0,5.078,22.8,1592690869786
0.0,0.0,5.078,22.8,1592690869951
0.0,0.0,5.078,22.8,1592690869969
0.0,0.0,5.078,22.8,1592690869975
0.0,0.0,5.078,22.8,1592690869995
0.0,0.0,5.078,22.8,1592690870008
0.0,0.0,5.078,22.8,1592690870029
0.0,0.0,5.078,22.8,1592690870034
0.0,0.0,5.078,22.8,1592690870039
0.0,0.0,5.078,22.8,1592690870043
0.0,0.0,5.078,22.8,1592690870059
0.0,0.0,5.078,22.8,1592690870243
0.0,0.0,5.078,22.8,1592690870250
0.0,0.0,5.078,22.8,1592690870283
0.0,0.0,5.078,22.8,1592690870341
0.0,0.0,5.068,22.8,1592690870517
0.0,0.0,5.068,22.8,1592690870524
0.0,0.0,5.068,22.8,1592690870592
0.0,0.0,5.068,22.8,1592690870791
0.0,0.0,5.068,22.8,1592690870797
0.0,0.0,5.068,22.8,1592690870834
0.0,0.0,5.068,22.8,1592690870902
0.0,0.0,5.068,22.8,1592690871069
0.0,0.0,5.068,22.8,1592690871076
0.0,0.0,5.068,22.8,1592690871119
0.0,0.0,5.068,22.8,1592690871181
0.0,0.0,5.068,22.8,1592690871344
0.0,0.0,5.068,22.8,1592690871347
0.0,0.0,5.068,22.8,1592690871401
0.0,0.0,5.068,22.8,1592690871477
0.0,0.0,5.068,22.8,1592690871651
0.0,0.0,5.068,22.8,1592690871654
0.0,0.0,5.068,22.8,1592690871743
0.0,0.0,5.078,22.8,1592690871960
0.0,0.0,5.078,22.8,1592690871967
0.0,0.0,5.078,22.8,1592690871972
0.0,0.0,5.078,22.8,1592690872022
0.0,0.0,5.078,22.8,1592690872268
0.0,0.0,5.078,22.8,1592690872297
0.0,0.0,5.078,22.8,1592690872331
0.0,0.0,5.078,22.8,1592690872345
0.0,0.0,5.078,22.8,1592690872371
0.0,0.0,5.078,22.8,1592690872574
0.0,0.0,5.078,22.8,1592690872590
0.0,0.0,5.089,22.8,1592690872596
0.0,0.0,5.089,22.8,1592690872656
0.0,0.0,5.089,22.8,1592690872888
0.0,0.0,5.089,22.8,1592690872895
0.0,0.0,5.089,22.8,1592690872907
0.0,0.0,5.089,22.8,1592690872932
0.0,0.0,5.089,22.8,1592690873001
0.0,0.0,5.089,22.8,1592690873073
0.0,0.0,5.099,22.8,1592690873217
0.0,0.0,5.099,22.8,1592690873281
0.0,0.0,5.089,22.8,1592690873352
0.0,0.0,5.089,22.8,1592690873423
0.0,0.0,5.089,22.8,1592690873494
0.0,0.0,5.089,22.8,1592690873582
0.0,0.0,5.089,22.8,1592690873631
0.0,0.0,5.089,22.8,1592690873703
0.0,0.0,5.089,22.8,1592690873771
0.0,0.0,5.089,22.8,1592690873841
0.0,0.0,5.089,22.8,1592690873915
0.0,0.0,5.089,22.8,1592690874573
0.0,0.0,5.089,22.8,1592690874580
0.0,0.0,5.089,22.8,1592690874586
0.0,0.0,5.089,22.8,1592690874596
0.0,0.0,5.089,22.8,1592690874613
0.0,0.0,5.089,22.8,1592690874633
0.0,0.0,5.089,22.8,1592690874645
0.0,0.0,5.089,22.8,1592690874650
0.0,0.0,5.089,22.8,1592690874670
0.0,0.0,5.089,22.8,1592690874677
0.0,0.0,5.089,22.8,1592690874683
0.0,0.0,5.078,22.8,1592690874752
0.0,0.0,5.089,22.8,1592690874825
0.0,0.0,5.078,22.8,1592690874892
0.0,0.0,5.078,22.8,1592690874968
0.0,0.0,5.078,22.8,1592690875032
0.0,0.0,5.078,22.8,1592690875103
0.0,0.0,5.078,22.8,1592690875172
0.0,0.0,5.078,22.8,1592690875243
0.0,0.0,5.078,22.8,1592690875311
0.0,0.0,5.078,22.8,1592690875382
0.0,0.0,5.078,22.8,1592690875458
0.0,0.0,5.078,22.8,1592690875525
0.0,0.0,5.078,22.8,1592690875597
0.0,0.0,5.078,22.8,1592690875665
0.0,0.0,5.078,22.8,1592690875731
0.0,0.0,5.078,22.8,1592690875815
0.0,0.0,5.078,22.8,1592690875872
0.0,0.0,5.078,22.8,1592690875941
0.0,0.0,5.078,22.8,1592690876023
0.0,0.0,5.078,22.8,1592690876084
0.0,0.0,5.078,22.8,1592690876151
0.0,0.0,5.078,22.8,1592690876222
0.0,0.0,5.078,22.8,1592690876291
0.0,0.0,5.078,22.8,1592690876367
0.0,0.0,5.078,22.8,1592690876445
0.0,0.0,5.078,22.8,1592690876521
0.0,0.0,5.078,22.8,1592690876571
0.0,0.0,5.078,22.8,1592690876712
0.0,0.0,5.078,22.8,1592690876781
0.0,0.0,5.078,22.8,1592690876859
0.0,0.0,5.078,22.8,1592690876921
0.0,0.0,5.078,22.8,1592690876991
0.0,0.0,5.078,22.8,1592690877061
0.0,0.0,5.078,22.8,1592690877131
0.0,0.0,5.078,22.8,1592690877202
0.0,0.0,5.089,22.8,1592690877271
0.0,0.0,5.089,22.8,1592690877341
0.0,0.0,5.089,22.8,1592690877411
0.0,0.0,5.089,22.8,1592690877482
0.0,0.0,5.089,22.8,1592690877621
0.0,0.0,5.089,22.8,1592690877691
0.0,0.0,5.099,22.8,1592690877771
0.0,0.0,5.099,22.8,1592690877837
0.0,0.0,5.099,22.8,1592690877901
0.0,0.0,5.099,22.8,1592690877971
0.0,0.0,5.109,22.8,1592690878047
0.0,0.0,5.109,22.8,1592690878112
0.0,0.0,5.109,22.8,1592690878181
0.0,0.0,5.109,22.8,1592690878260
0.0,0.0,5.109,22.8,1592690878391
0.0,0.0,5.109,22.8,1592690878461
0.0,0.0,5.109,22.8,1592690878534
0.0,0.0,5.109,22.8,1592690878614
0.0,0.0,5.109,22.8,1592690878671
0.0,0.0,5.109,22.8,1592690878811
0.0,0.0,5.109,22.8,1592690878881
0.0,0.0,5.109,22.8,1592690878959
0.0,0.0,5.109,22.8,1592690879685
0.0,0.0,5.109,22.8,1592690879696
0.0,0.0,5.109,22.8,1592690879705
0.0,0.0,5.099,22.8,1592690879717
0.0,0.0,5.099,22.8,1592690879730
0.0,0.0,5.109,22.8,1592690879740
0.0,0.0,5.109,22.8,1592690879746
0.0,0.0,5.109,22.8,1592690879754
0.0,0.0,5.099,22.8,1592690879759
0.0,0.0,5.099,22.8,1592690879802
0.0,0.0,5.099,22.8,1592690879862
0.0,0.0,5.099,22.8,1592690879947
0.0,0.0,5.099,22.8,1592690880003
0.0,0.0,5.099,22.8,1592690880091
0.0,0.0,5.099,22.8,1592690880143
0.0,0.0,5.109,22.8,1592690880282
0.0,0.0,5.109,22.8,1592690880355
0.0,0.0,5.099,22.8,1592690880421
0.0,0.0,5.099,22.8,1592690880491
0.0,0.0,5.099,22.8,1592690880568
0.0,0.0,5.099,22.8,1592690880631
0.0,0.0,5.099,22.8,1592690880705
0.0,0.0,5.099,22.8,1592690880788
0.0,0.0,5.089,22.8,1592690880843
0.0,0.0,5.089,22.8,1592690880911
0.0,0.0,5.089,22.8,1592690880982
0.0,0.0,5.089,22.8,1592690881053
0.0,0.0,5.089,22.8,1592690881124
0.0,0.0,5.089,22.8,1592690881262
0.0,0.0,5.089,22.8,1592690881341
0.0,0.0,5.089,22.8,1592690881483
0.0,0.0,5.089,22.8,1592690881542
0.0,0.0,5.089,22.8,1592690881623
0.0,0.0,5.089,22.8,1592690881681
0.0,0.0,5.099,22.8,1592690881758
0.0,0.0,5.099,22.8,1592690881821
0.0,0.0,5.099,22.8,1592690881891
0.0,0.0,5.099,22.8,1592690881962
0.0,0.0,5.099,22.8,1592690882034
0.0,0.0,5.099,22.8,1592690882101
0.0,0.0,5.109,22.8,1592690882185
0.0,0.0,5.109,22.8,1592690882242
0.0,0.0,5.109,22.8,1592690882313
0.0,0.0,5.109,22.8,1592690882383
0.0,0.0,5.109,22.8,1592690882465
0.0,0.0,5.109,22.8,1592690882522
0.0,0.0,5.109,22.8,1592690882596
0.0,0.0,5.109,22.8,1592690882661
0.0,0.0,5.099,22.8,1592690882735
0.0,0.0,5.099,22.8,1592690882802
0.0,0.0,5.099,22.8,1592690882900
0.0,0.0,5.099,22.8,1592690882944
0.0,0.0,5.099,22.8,1592690883020
0.0,0.0,5.109,22.8,1592690883083
0.0,0.0,5.109,22.8,1592690883152
0.0,0.0,5.109,22.8,1592690883222
0.0,0.0,5.109,22.8,1592690883294
0.0,0.0,5.109,22.8,1592690883362
0.0,0.0,5.109,22.8,1592690883503
0.0,0.0,5.109,22.8,1592690883573
0.0,0.0,5.109,22.8,1592690883641
0.0,0.0,5.12,22.8,1592690883719
0.0,0.0,5.12,22.8,1592690883782
0.0,0.0,5.12,22.8,1592690883860
0.0,0.0,5.12,22.8,1592690883923
0.0,0.0,5.12,22.8,1592690884797
0.0,0.0,5.12,22.8,1592690884810
0.0,0.0,5.12,22.8,1592690884841
0.0,0.0,5.12,22.8,1592690884855
0.0,0.0,5.12,22.8,1592690884863
0.0,0.0,5.12,22.8,1592690884877
0.0,0.0,5.12,22.8,1592690884882
0.0,0.0,5.12,22.8,1592690884886
0.0,0.0,5.12,22.8,1592690884890
0.0,0.0,5.12,22.8,1592690884897
0.0,0.0,5.12,22.8,1592690884904
0.0,0.0,5.12,22.8,1592690884916
0.0,0.0,5.12,22.8,1592690885101
0.0,0.0,5.12,22.8,1592690885180
0.0,0.0,5.12,22.8,1592690885247
0.0,0.0,5.12,22.8,1592690885312
0.0,0.0,5.12,22.8,1592690885382
0.0,0.0,5.12,22.8,1592690885457
0.0,0.0,5.12,22.8,1592690885529
0.0,0.0,5.12,22.8,1592690885592
0.0,0.0,5.12,22.8,1592690885661
0.0,0.0,5.12,22.8,1592690885741
0.0,0.0,5.12,22.8,1592690885801
0.0,0.0,5.12,22.8,1592690885871
0.0,0.0,5.12,22.8,1592690885941
0.0,0.0,5.12,22.8,1592690886016
0.0,0.0,5.12,22.8,1592690886085
0.0,0.0,5.12,22.8,1592690886151
0.0,0.0,5.12,22.8,1592690886221
0.0,0.0,5.109,22.8,1592690886291
0.0,0.0,5.109,22.8,1592690886361
0.0,0.0,5.109,22.8,1592690886431
0.0,0.0,5.109,22.8,1592690886507
0.0,0.0,5.109,22.8,1592690886571
0.0,0.0,5.109,22.8,1592690886643
0.0,0.0,5.099,22.8,1592690886712
0.0,0.0,5.099,22.8,1592690886790
0.0,0.0,5.099,22.8,1592690886921
0.0,0.0,5.099,22.8,1592690887062
0.0,0.0,5.099,22.8,1592690887131
0.0,0.0,5.099,22.8,1592690887203
0.0,0.0,5.099,22.8,1592690887271
0.0,0.0,5.109,22.8,1592690887344
0.0,0.0,5.109,22.8,1592690887487
0.0,0.0,5.109,22.8,1592690887553
0.0,0.0,5.109,22.8,1592690887635
0.0,0.0,5.109,22.8,1592690887691
0.0,0.0,5.099,22.8,1592690887763
0.0,0.0,5.109,22.8,1592690887832
0.0,0.0,5.109,22.8,1592690887902
0.0,0.0,5.099,22.8,1592690888001
0.0,0.0,5.099,22.8,1592690888073
0.0,0.0,5.099,22.8,1592690888112
0.0,0.0,5.099,22.8,1592690888182
0.0,0.0,5.099,22.8,1592690888252
0.0,0.0,5.099,22.8,1592690888323
0.0,0.0,5.099,22.8,1592690888419
0.0,0.0,5.099,22.8,1592690888461
0.0,0.0,5.099,22.8,1592690888532
0.0,0.0,5.099,22.8,1592690888671
0.0,0.0,5.099,22.8,1592690888810
0.0,0.0,5.099,22.8,1592690888884
0.0,0.0,5.109,22.8,1592690888959
0.0,0.0,5.109,22.8,1592690889074
0.0,0.0,5.109,22.8,1592690889091
0.0,0.0,5.109,22.8,1592690889161
0.0,0.0,5.109,22.8,1592690889232
0.0,0.0,5.109,22.8,1592690889305
0.0,0.0,5.12,22.8,1592690889371
0.0,0.0,5.12,22.8,1592690889441
0.0,0.0,5.12,22.8,1592690889511
0.0,0.0,5.109,22.8,1592690889584
0.0,0.0,5.109,22.8,1592690889654
0.0,0.0,5.109,22.8,1592690889727
0.0,0.0,5.109,22.8,1592690890256
0.0,0.0,5.109,22.8,1592690890262
0.0,0.0,5.109,22.8,1592690890269
0.0,0.0,5.109,22.8,1592690890274
0.0,0.0,5.109,22.8,1592690890278
0.0,0.0,5.109,22.8,1592690890289
0.0,0.0,5.109,22.8,1592690890497
0.0,0.0,5.109,22.8,1592690890503
0.0,0.0,5.109,22.8,1592690890509
0.0,0.0,5.109,22.8,1592690890563
0.0,0.0,5.12,22.8,1592690890782
0.0,0.0,5.12,22.8,1592690890785
0.0,0.0,5.12,22.8,1592690890843
0.0,0.0,5.12,22.8,1592690891062
0.0,0.0,5.109,22.8,1592690891072
0.0,0.0,5.109,22.8,1592690891081
0.0,0.0,5.109,22.8,1592690891135
0.0,0.0,5.109,22.8,1592690891340
0.0,0.0,5.109,22.8,1592690891351
0.0,0.0,5.109,22.8,1592690891359
0.0,0.0,5.109,22.8,1592690891402
0.0,0.0,5.099,22.8,1592690891650
0.0,0.0,5.099,22.8,1592690891658
0.0,0.0,5.099,22.8,1592690891668
0.0,0.0,5.099,22.8,1592690891693
0.0,0.0,5.099,22.8,1592690891752
0.0,0.0,5.099,22.8,1592690891958
0.0,0.0,5.099,22.8,1592690891970
0.0,0.0,5.089,22.8,1592690891978
0.0,0.0,5.099,22.8,1592690892037
0.0,0.0,5.099,22.8,1592690892262
0.0,0.0,5.099,22.8,1592690892268
0.0,0.0,5.089,22.8,1592690892275
0.0,0.0,5.099,22.8,1592690892318
0.0,0.0,5.099,22.8,1592690892575
0.0,0.0,5.089,22.8,1592690892588
0.0,0.0,5.089,22.8,1592690892613
0.0,0.0,5.099,22.8,1592690892621
0.0,0.0,5.099,22.8,1592690892661
0.0,0.0,5.089,22.8,1592690892878
0.0,0.0,5.089,22.8,1592690892911
0.0,0.0,5.089,22.8,1592690892920
0.0,0.0,5.089,22.8,1592690892948
0.0,0.0,5.089,22.8,1592690893011
0.0,0.0,5.089,22.8,1592690893117
0.0,0.0,5.089,22.8,1592690893152
0.0,0.0,5.099,22.8,1592690893234
0.0,0.0,5.099,22.8,1592690893291
0.0,0.0,5.109,22.8,1592690893366
0.0,0.0,5.109,22.8,1592690893431
0.0,0.0,5.109,22.8,1592690893506
0.0,0.0,5.109,22.8,1592690893573
0.0,0.0,5.109,22.8,1592690893641
0.0,0.0,5.12,22.8,1592690893713
0.0,0.0,5.12,22.8,1592690893781
0.0,0.0,5.12,22.8,1592690893920
0.0,0.0,5.12,22.8,1592690893992
0.0,0.0,5.12,22.8,1592690894062
0.0,0.0,5.12,22.8,1592690894131
0.0,0.0,5.13,22.8,1592690894217
0.0,0.0,5.13,22.8,1592690894272
0.0,0.0,5.13,22.8,1592690894342
0.0,0.0,5.13,22.8,1592690894413
0.0,0.0,5.141,22.8,1592690894482
0.0,0.0,5.141,22.8,1592690894572
0.0,0.0,5.13,22.8,1592690894621
0.0,0.0,5.13,22.8,1592690894693
0.0,0.0,5.141,22.8,1592690895498
0.0,0.0,5.141,22.8,1592690895509
0.0,0.0,5.141,22.8,1592690895516
0.0,0.0,5.141,22.8,1592690895527
0.0,0.0,5.141,22.8,1592690895541
0.0,0.0,5.141,22.8,1592690895551
0.0,0.0,5.141,22.8,1592690895560
0.0,0.0,5.141,22.8,1592690895580
0.0,0.0,5.141,22.8,1592690895584
0.0,0.0,5.141,22.8,1592690895591
0.0,0.0,5.141,22.8,1592690895942
0.0,0.0,5.13,22.8,1592690896016
0.0,0.0,5.13,22.8,1592690896081
0.0,0.0,5.13,22.8,1592690896163
0.0,0.0,5.12,22.8,1592690896222
0.0,0.0,5.12,22.8,1592690896304
0.0,0.0,5.12,22.8,1592690896362
0.0,0.0,5.109,22.8,1592690896439
0.0,0.0,5.109,22.8,1592690896502
0.0,0.0,5.099,22.8,1592690896580
0.0,0.0,5.099,22.8,1592690896643
0.0,0.0,5.099,22.8,1592690896711
0.0,0.0,5.099,22.8,1592690896782
0.0,0.0,5.099,22.8,1592690896855
0.0,0.0,5.089,22.8,1592690896921
0.0,0.0,5.089,22.8,1592690897062
0.0,0.0,5.089,22.8,1592690897131
0.0,0.0,5.078,22.8,1592690897205
0.0,0.0,5.089,22.8,1592690897271
0.0,0.0,5.089,22.8,1592690897346
0.0,0.0,5.089,22.8,1592690897413
0.0,0.0,5.089,22.8,1592690897488
0.0,0.0,5.089,22.8,1592690897569
0.0,0.0,5.089,22.8,1592690897630
0.0,0.0,5.089,22.8,1592690897691
0.0,0.0,5.089,22.8,1592690897768
0.0,0.0,5.089,22.8,1592690897831
0.0,0.0,5.099,22.8,1592690897901
0.0,0.0,5.099,22.8,1592690897971
0.0,0.0,5.099,22.8,1592690898111
0.0,0.0,5.089,22.8,1592690898186
0.0,0.0,5.099,22.8,1592690898251
0.0,0.0,5.099,22.8,1592690898322
0.0,0.0,5.099,22.8,1592690898391
0.0,0.0,5.109,22.8,1592690898461
0.0,0.0,5.109,22.8,1592690898531
0.0,0.0,5.109,22.8,1592690898602
0.0,0.0,5.109,22.8,1592690898677
0.0,0.0,5.109,22.8,1592690898742
0.0,0.0,5.12,22.8,1592690898811
0.0,0.0,5.12,22.8,1592690898886
0.0,0.0,5.12,22.8,1592690898966
0.0,0.0,5.12,22.8,1592690899022
0.0,0.0,5.12,22.8,1592690899090
0.0,0.0,5.12,22.8,1592690899161
0.0,0.0,5.12,22.8,1592690899232
0.0,0.0,5.13,22.8,1592690899304
0.0,0.0,5.12,22.8,1592690899373
0.0,0.0,5.12,22.8,1592690899442
0.0,0.0,5.12,22.8,1592690899581
0.0,0.0,5.109,22.8,1592690899651
0.0,0.0,5.109,22.8,1592690899727
0.0,0.0,5.109,22.8,1592690900461
0.0,0.0,5.109,22.8,1592690900479
0.0,0.0,5.109,22.8,1592690900511
0.0,0.0,5.109,22.8,1592690900540
0.0,0.0,5.109,22.8,1592690900548
0.0,0.0,5.109,22.8,1592690900565
0.0,0.0,5.109,22.8,1592690900573
0.0,0.0,5.099,22.8,1592690900590
0.0,0.0,5.099,22.8,1592690900597
0.0,0.0,5.109,22.8,1592690900602
0.0,0.0,5.109,22.8,1592690900621
0.0,0.0,5.109,22.8,1592690900627
0.0,0.0,5.109,22.8,1592690900646
0.0,0.0,5.109,22.8,1592690900703
0.0,0.0,5.109,22.8,1592690900782
0.0,0.0,5.109,22.8,1592690900842
0.0,0.0,5.109,22.8,1592690900919
0.0,0.0,5.109,22.8,1592690900981
0.0,0.0,5.109,22.8,1592690901051
0.0,0.0,5.12,22.8,1592690901121
0.0,0.0,5.109,22.8,1592690901194
0.0,0.0,5.12,22.8,1592690901261
0.0,0.0,5.12,22.8,1592690901331
0.0,0.0,5.12,22.8,1592690901401
0.0,0.0,5.12,22.8,1592690901475
0.0,0.0,5.12,22.8,1592690901542
0.0,0.0,5.12,22.8,1592690901611
0.0,0.0,5.12,22.8,1592690901683
0.0,0.0,5.12,22.8,1592690901753
0.0,0.0,5.12,22.8,1592690901823
0.0,0.0,5.12,22.8,1592690901899
0.0,0.0,5.12,22.8,1592690901961
0.0,0.0,5.12,22.8,1592690902030
0.0,0.0,5.12,22.8,1592690902101
0.0,0.0,5.12,22.8,1592690902171
0.0,0.0,5.12,22.8,1592690902263
0.0,0.0,5.12,22.8,1592690902311
0.0,0.0,5.12,22.8,1592690902381
0.0,0.0,5.12,22.8,1592690902452
0.0,0.0,5.109,22.8,1592690902521
0.0,0.0,5.109,22.8,1592690902606
0.0,0.0,5.109,22.8,1592690902662
0.0,0.0,5.109,22.8,1592690902730
0.0,0.0,5.109,22.8,1592690902801
0.0,0.0,5.099,22.8,1592690902871
0.0,0.0,5.099,22.8,1592690902944
0.0,0.0,5.099,22.8,1592690903022
0.0,0.0,5.089,22.8,1592690903081
0.0,0.0,5.089,22.8,1592690903221
0.0,0.0,5.089,22.8,1592690903291
0.0,0.0,5.089,22.8,1592690903366
0.0,0.0,5.078,22.8,1592690903431
0.0,0.0,5.078,22.8,1592690903501
0.0,0.0,5.078,22.8,1592690903572
0.0,0.0,5.078,22.8,1592690903641
0.0,0.0,5.078,22.8,1592690903718
0.0,0.0,5.078,22.8,1592690903781
0.0,0.0,5.078,22.8,1592690903850
0.0,0.0,5.078,22.8,1592690903921
0.0,0.0,5.078,22.8,1592690903990
0.0,0.0,5.089,22.8,1592690904063
0.0,0.0,5.089,22.8,1592690904133
0.0,0.0,5.089,22.8,1592690904271
0.0,0.0,5.089,22.8,1592690904341
0.0,0.0,5.089,22.8,1592690904414
0.0,0.0,5.089,22.8,1592690904491
0.0,0.0,5.089,22.8,1592690904551
0.0,0.0,5.089,22.8,1592690904621
0.0,0.0,5.089,22.8,1592690904691
0.0,0.0,5.089,22.8,1592690905257
0.0,0.0,5.089,22.8,1592690905270
0.0,0.0,5.099,22.8,1592690905285
0.0,0.0,5.089,22.8,1592690905297
0.0,0.0,5.089,22.8,1592690905307
0.0,0.0,5.089,22.8,1592690905312
0.0,0.0,5.089,22.8,1592690905319
0.0,0.0,5.089,22.8,1592690905328
0.0,0.0,5.078,22.8,1592690905393
0.0,0.0,5.078,22.8,1592690905580
0.0,0.0,5.078,22.8,1592690905602
0.0,0.0,5.089,22.8,1592690905674
0.0,0.0,5.078,22.8,1592690905742
0.0,0.0,5.078,22.8,1592690905824
0.0,0.0,5.078,22.8,1592690905882
0.0,0.0,5.078,22.8,1592690905968
0.0,0.0,5.078,22.8,1592690906022
0.0,0.0,5.078,22.8,1592690906094
0.0,0.0,5.078,22.8,1592690906161
0.0,0.0,5.078,22.8,1592690906249
0.0,0.0,5.068,22.8,1592690906302
0.0,0.0,5.068,22.8,1592690906442
0.0,0.0,5.068,22.8,1592690906526
0.0,0.0,5.057,22.8,1592690906583
0.0,0.0,5.057,22.8,1592690906662
0.0,0.0,5.057,22.8,1592690906722
0.0,0.0,5.047,22.8,1592690906792
0.0,0.0,5.047,22.8,1592690906861
0.0,0.0,5.047,22.8,1592690906938
0.0,0.0,5.036,22.8,1592690907008
0.0,0.0,5.036,22.8,1592690907142
0.0,0.0,5.036,22.8,1592690907215
0.0,0.0,5.026,22.8,1592690907284
0.0,0.0,5.026,22.8,1592690907353
0.0,0.0,5.026,22.8,1592690907431
0.0,0.0,5.026,22.8,1592690907492
0.0,0.0,5.026,22.8,1592690907570
0.0,0.0,5.016,22.8,1592690907631
0.0,0.0,5.016,22.8,1592690907702
0.0,0.0,5.016,22.8,1592690907770
0.0,0.0,5.016,22.8,1592690907841
0.0,0.0,5.016,22.8,1592690907911
0.0,0.0,5.016,22.8,1592690907981
0.0,0.0,5.016,22.8,1592690908051
0.0,0.0,5.005,22.8,1592690908127
0.0,0.0,5.005,22.8,1592690908191
0.0,0.0,5.005,22.8,1592690908261
0.0,0.0,5.005,22.8,1592690908332
0.0,0.0,5.005,22.8,1592690908410
0.0,0.0,5.005,22.8,1592690908472
0.0,0.0,5.005,22.8,1592690908541
0.0,0.0,5.005,22.8,1592690908610
0.0,0.0,5.005,22.8,1592690908681
0.0,0.0,4.995,22.8,1592690908755
0.0,0.0,5.005,22.8,1592690908822
0.0,0.0,5.005,22.8,1592690908961
0.0,0.0,5.005,22.8,1592690909031
0.0,0.0,5.005,22.8,1592690909104
0.0,0.0,5.005,22.8,1592690909182
0.0,0.0,5.005,22.8,1592690909246
0.0,0.0,5.005,22.8,1592690909311
0.0,0.0,5.005,22.8,1592690909451
0.0,0.0,5.005,22.8,1592690909521
0.0,0.0,5.005,22.8,1592690909596
0.0,0.0,5.016,22.8,1592690909661
0.0,0.0,5.016,22.8,1592690909734
0.0,0.0,5.016,22.8,1592690910261
0.0,0.0,5.016,22.8,1592690910279
0.0,0.0,5.016,22.8,1592690910293
0.0,0.0,5.016,22.8,1592690910299
0.0,0.0,5.016,22.8,1592690910304
0.0,0.0,5.016,22.8,1592690910312
0.0,0.0,5.016,22.8,1592690910507
0.0,0.0,5.016,22.8,1592690910512
0.0,0.0,5.016,22.8,1592690910519
0.0,0.0,5.016,22.8,1592690910574
0.0,0.0,5.016,22.8,1592690910797
0.0,0.0,5.016,22.8,1592690910801
0.0,0.0,5.016,22.8,1592690910853
0.0,0.0,5.016,22.8,1592690911086
0.0,0.0,5.026,22.8,1592690911096
0.0,0.0,5.016,22.8,1592690911100
0.0,0.0,5.016,22.8,1592690911132
0.0,0.0,5.016,22.8,1592690911201
0.0,0.0,5.016,22.8,1592690911370
0.0,0.0,5.016,22.8,1592690911413
0.0,0.0,5.026,22.8,1592690911482
0.0,0.0,5.026,22.8,1592690911677
0.0,0.0,5.016,22.8,1592690911681
0.0,0.0,5.016,22.8,1592690911691
0.0,0.0,5.016,22.8,1592690911762
0.0,0.0,5.016,22.8,1592690911983
0.0,0.0,5.016,22.8,1592690911988
0.0,0.0,5.016,22.8,1592690911992
0.0,0.0,5.016,22.8,1592690912043
0.0,0.0,5.016,22.8,1592690912293
0.0,0.0,5.016,22.8,1592690912301
0.0,0.0,5.016,22.8,1592690912322
0.0,0.0,5.016,22.8,1592690912391
0.0,0.0,5.016,22.8,1592690912592
0.0,0.0,5.016,22.8,1592690912597
0.0,0.0,5.016,22.8,1592690912632
0.0,0.0,5.016,22.8,1592690912671
0.0,0.0,5.016,22.8,1592690912906
0.0,0.0,5.016,22.8,1592690912922
0.0,0.0,5.016,22.8,1592690912940
0.0,0.0,5.016,22.8,1592690913021
0.0,0.0,5.016,22.8,1592690913091
0.0,0.0,5.016,22.8,1592690913161
0.0,0.0,5.016,22.8,1592690913236
0.0,0.0,5.016,22.8,1592690913302
0.0,0.0,5.005,22.8,1592690913376
0.0,0.0,5.005,22.8,1592690913442
0.0,0.0,5.005,22.8,1592690913512
0.0,0.0,5.005,22.8,1592690913583
0.0,0.0,4.995,22.8,1592690913651
0.0,0.0,4.995,22.8,1592690913721
0.0,0.0,4.995,22.8,1592690913798
0.0,0.0,4.995,22.8,1592690913862
0.0,0.0,4.995,22.8,1592690913932
0.0,0.0,4.984,22.8,1592690914001
0.0,0.0,4.984,22.8,1592690914072
0.0,0.0,4.984,22.8,1592690914143
0.0,0.0,4.984,22.8,1592690914211
0.0,0.0,4.984,22.8,1592690914287
0.0,0.0,4.974,22.8,1592690914352
0.0,0.0,4.974,22.8,1592690914440
0.0,0.0,4.974,22.8,1592690914490
0.0,0.0,4.974,22.8,1592690914567
0.0,0.0,4.974,22.8,1592690914633
0.0,0.0,4.964,22.8,1592690914702
0.0,0.0,4.964,22.8,1592690915522
0.0,0.0,4.964,22.8,1592690915531
0.0,0.0,4.964,22.8,1592690915545
0.0,0.0,4.953,22.8,1592690915554
0.0,0.0,4.953,22.8,1592690915573
0.0,0.0,4.953,22.8,1592690915585
0.0,0.0,4.953,22.8,1592690915600
0.0,0.0,4.943,22.8,1592690915607
0.0,0.0,4.953,22.8,1592690915610
0.0,0.0,4.953,22.8,1592690915614
0.0,0.0,4.943,22.8,1592690915682
0.0,0.0,4.943,22.8,1592690915755
0.0,0.0,4.943,22.8,1592690915822
0.0,0.0,4.953,22.8,1592690915894
0.0,0.0,4.953,22.8,1592690916035
0.0,0.0,4.953,22.8,1592690916102
0.0,0.0,4.953,22.8,1592690916175
0.0,0.0,4.953,22.8,1592690916242
0.0,0.0,4.953,22.8,1592690916322
0.0,0.0,4.953,22.8,1592690916382
0.0,0.0,4.953,22.8,1592690916452
0.0,0.0,4.953,22.8,1592690916532
0.0,0.0,4.953,22.8,1592690916591
0.0,0.0,4.953,22.8,1592690916661
0.0,0.0,4.953,22.8,1592690916733
0.0,0.0,4.953,22.8,1592690916875
0.0,0.0,4.953,22.8,1592690916941
0.0,0.0,4.953,22.8,1592690917011
0.0,0.0,4.953,22.8,1592690917083
0.0,0.0,4.953,22.8,1592690917153
0.0,0.0,4.953,22.8,1592690917223
0.0,0.0,4.953,22.8,1592690917291
0.0,0.0,4.953,22.8,1592690917362
0.0,0.0,4.953,22.8,1592690917431
0.0,0.0,4.953,22.8,1592690917501
0.0,0.0,4.953,22.8,1592690917584
0.0,0.0,4.953,22.8,1592690917646
0.0,0.0,4.953,22.8,1592690917715
0.0,0.0,4.953,22.8,1592690917781
0.0,0.0,4.953,22.8,1592690917862
0.0,0.0,4.953,22.8,1592690917922
0.0,0.0,4.953,22.8,1592690918006
0.0,0.0,4.953,22.8,1592690918063
0.0,0.0,4.953,22.8,1592690918202
0.0,0.0,4.953,22.8,1592690918274
0.0,0.0,4.953,22.8,1592690918342
0.0,0.0,4.943,22.8,1592690918412
0.0,0.0,4.943,22.8,1592690918481
0.0,0.0,4.943,22.8,1592690918551
0.0,0.0,4.943,22.8,1592690918621
0.0,0.0,4.943,22.8,1592690918691
0.0,0.0,4.943,22.8,1592690918783
0.0,0.0,4.943,22.8,1592690918834
0.0,0.0,4.943,22.8,1592690918917
0.0,0.0,4.943,22.8,1592690918972
0.0,0.0,4.953,22.8,1592690919111
0.0,0.0,4.943,22.8,1592690919191
0.0,0.0,4.943,22.8,1592690919252
0.0,0.0,4.943,22.8,1592690919322
0.0,0.0,4.943,22.8,1592690919391
0.0,0.0,4.943,22.8,1592690919467
0.0,0.0,4.953,22.8,1592690919532
0.0,0.0,4.953,22.8,1592690919640
0.0,0.0,4.953,22.8,1592690919671
0.0,0.0,4.953,22.8,1592690919745
0.0,0.0,4.953,22.8,1592690919811
0.0,0.0,4.953,22.8,1592690919902
0.0,0.0,4.953,22.8,1592690919952
0.0,0.0,4.953,22.8,1592690920023
0.0,0.0,4.953,22.8,1592690920632
0.0,0.0,4.953,22.8,1592690920639
0.0,0.0,4.953,22.8,1592690920645
0.0,0.0,4.943,22.8,1592690920662
0.0,0.0,4.943,22.8,1592690920674
0.0,0.0,4.943,22.8,1592690920682
0.0,0.0,4.943,22.8,1592690920699
0.0,0.0,4.953,22.8,1592690920705
0.0,0.0,4.953,22.8,1592690920723
0.0,0.0,4.953,22.8,1592690920794
0.0,0.0,4.953,22.8,1592690920932
0.0,0.0,4.953,22.8,1592690921003
0.0,0.0,4.953,22.8,1592690921142
0.0,0.0,4.943,22.8,1592690921226
0.0,0.0,4.943,22.8,1592690921281
0.0,0.0,4.943,22.8,1592690921351
0.0,0.0,4.943,22.8,1592690921421
0.0,0.0,4.943,22.8,1592690921492
0.0,0.0,4.943,22.8,1592690921564
0.0,0.0,4.943,22.8,1592690921631
0.0,0.0,4.943,22.8,1592690921701
0.0,0.0,4.943,22.8,1592690921771
0.0,0.0,4.932,22.8,1592690921844
0.0,0.0,4.932,22.8,1592690921922
0.0,0.0,4.932,22.8,1592690921983
0.0,0.0,4.932,22.8,1592690922050
0.0,0.0,4.922,22.8,1592690922122
0.0,0.0,4.922,22.8,1592690922191
0.0,0.0,4.922,22.8,1592690922261
0.0,0.0,4.922,22.8,1592690922331
0.0,0.0,4.922,22.8,1592690922408
0.0,0.0,4.922,22.8,1592690922470
0.0,0.0,4.912,22.8,1592690922540
0.0,0.0,4.912,22.8,1592690922611
0.0,0.0,4.912,22.8,1592690922681
0.0,0.0,4.912,22.8,1592690922750
0.0,0.0,4.912,22.8,1592690922822
0.0,0.0,4.912,22.8,1592690922891
0.0,0.0,4.912,22.8,1592690922960
0.0,0.0,4.912,22.8,1592690923032
0.0,0.0,4.912,22.8,1592690923110
0.0,0.0,4.912,22.8,1592690923170
0.0,0.0,4.901,22.8,1592690923240
0.0,0.0,4.901,22.8,1592690923311
0.0,0.0,4.901,22.8,1592690923381
0.0,0.0,4.901,22.8,1592690923451
0.0,0.0,4.901,22.8,1592690923521
0.0,0.0,4.912,22.8,1592690923590
0.0,0.0,4.912,22.8,1592690923660
0.0,0.0,4.912,22.8,1592690923731
0.0,0.0,4.912,22.8,1592690923813
0.0,0.0,4.912,22.8,1592690923872
0.0,0.0,4.912,22.8,1592690923940
0.0,0.0,4.912,22.8,1592690924011
0.0,0.0,4.912,22.8,1592690924081
0.0,0.0,4.912,22.8,1592690924160
0.0,0.0,4.912,22.8,1592690924221
0.0,0.0,4.922,22.8,1592690924290
0.0,0.0,4.922,22.8,1592690924368
0.0,0.0,4.922,22.8,1592690924442
0.0,0.0,4.922,22.8,1592690924503
0.0,0.0,4.922,22.8,1592690924573
0.0,0.0,4.922,22.8,1592690924641
0.0,0.0,4.932,22.8,1592690924711
0.0,0.0,4.932,22.8,1592690924781
0.0,0.0,4.932,22.8,1592690924856
0.0,0.0,4.932,22.8,1592690924928
0.0,0.0,4.932,22.8,1592690924991
0.0,0.0,4.932,22.8,1592690925763
0.0,0.0,4.932,22.8,1592690925773
0.0,0.0,4.943,22.8,1592690925781
0.0,0.0,4.943,22.8,1592690925793
0.0,0.0,4.943,22.8,1592690925799
0.0,0.0,4.943,22.8,1592690925810
0.0,0.0,4.932,22.8,1592690925816
0.0,0.0,4.932,22.8,1592690925821
0.0,0.0,4.932,22.8,1592690925869
0.0,0.0,4.932,22.8,1592690925922
0.0,0.0,4.932,22.8,1592690925999
0.0,0.0,4.932,22.8,1592690926062
0.0,0.0,4.932,22.8,1592690926134
0.0,0.0,4.932,22.8,1592690926275
0.0,0.0,4.932,22.8,1592690926347
0.0,0.0,4.932,22.8,1592690926413
0.0,0.0,4.943,22.8,1592690926482
0.0,0.0,4.943,22.8,1592690926553
0.0,0.0,4.932,22.8,1592690926621
0.0,0.0,4.932,22.8,1592690926691
0.0,0.0,4.932,22.8,1592690926761
0.0,0.0,4.932,22.8,1592690926836
0.0,0.0,4.922,22.8,1592690927114
0.0,0.0,4.922,22.8,1592690927185
0.0,0.0,4.922,22.8,1592690927253
0.0,0.0,4.922,22.8,1592690927335
0.0,0.0,4.912,22.8,1592690927392
0.0,0.0,4.912,22.8,1592690927465
0.0,0.0,4.912,22.8,1592690927534
0.0,0.0,4.912,22.8,1592690927605
