0.0,0.0,9.845,18.8,1639178564517
0.0,0.0,10.188,19.0,1639178565009
0.0,0.0,10.23,19.0,1639178565078
0.0,0.0,10.24,19.0,1639178565288
0.0,0.0,10.23,19.0,1639178565361
0.0,0.0,10.219,19.0,1639178565432
0.0,0.0,10.167,19.0,1639178565502
0.0,0.0,10.136,19.0,1639178565569
0.0,0.0,10.146,19.0,1639178565918
0.0,0.0,10.157,19.0,1639178565991
0.0,0.0,10.157,19.0,1639178566058
0.0,0.0,10.167,19.0,1639178566129
0.0,0.0,10.209,19.0,1639178566201
0.0,0.0,10.219,19.0,1639178566274
0.0,0.0,10.209,19.0,1639178566340
0.0,0.0,10.157,19.0,1639178566408
0.0,0.0,10.198,19.0,1639178566691
0.0,0.0,10.188,19.0,1639178566758
0.0,0.0,10.178,19.0,1639178566829
0.0,0.0,10.126,19.0,1639178566900
0.0,0.0,10.073,19.0,1639178567038
0.0,0.0,10.115,19.0,1639178567112
0.0,0.0,10.063,19.0,1639178567322
0.0,0.0,10.011,19.0,1639178567391
0.0,0.0,10.011,19.0,1639178567469
0.0,0.0,10.021,19.0,1639178567740
0.0,0.0,10.032,19.0,1639178568021
0.0,0.0,10.032,19.0,1639178568122
0.0,0.0,9.98,19.0,1639178568163
0.0,0.0,9.928,19.0,1639178568233
0.0,0.0,9.938,19.0,1639178568304
0.0,0.0,9.949,19.0,1639178568445
0.0,0.0,9.897,19.0,1639178568510
0.0,0.0,9.845,19.0,1639178568580
0.0,0.0,9.845,19.0,1639178568864
0.0,0.0,9.792,19.0,1639178568934
0.0,0.0,9.803,19.0,1639178569024
0.0,0.0,9.824,19.0,1639178569070
0.0,0.0,9.917,19.0,1639178569160
0.0,0.0,10.001,19.0,1639178569213
0.0,0.0,10.053,19.0,1639178569286
0.0,0.0,10.094,19.0,1639178569352
0.0,0.0,10.094,19.0,1639178569443
0.0,0.0,10.042,19.0,1639178569662
0.0,0.0,10.053,19.0,1639178569701
0.0,0.0,10.063,19.0,1639178569879
0.0,0.0,10.073,19.0,1639178569886
0.0,0.0,10.157,19.0,1639178569918
0.0,0.0,10.167,19.0,1639178570093
0.0,0.0,10.219,19.0,1639178570097
0.0,0.0,10.178,19.0,1639178570122
0.0,0.0,10.188,19.0,1639178570316
0.0,0.0,10.282,19.0,1639178570323
0.0,0.0,10.292,19.0,1639178570332
0.0,0.0,10.386,19.0,1639178570402
0.0,0.0,10.396,19.0,1639178570543
0.0,0.0,10.386,19.0,1639178572386
0.0,0.0,10.427,19.0,1639178573375
0.0,0.0,10.417,19.0,1639178573380
0.0,0.0,10.427,19.0,1639178573385
0.0,0.0,10.49,19.0,1639178573387
0.0,0.0,10.552,19.2,1639178573389
0.0,0.0,10.594,19.2,1639178573393
0.0,0.0,10.635,19.2,1639178573395
0.0,0.0,10.698,19.2,1639178573398
0.0,0.0,10.802,19.2,1639178573400
0.0,0.0,10.708,19.2,1639178573418
0.0,0.0,10.708,19.2,1639178573423
0.0,0.0,10.698,19.2,1639178573424
0.0,0.0,10.74,19.2,1639178573425
0.0,0.0,10.719,19.2,1639178573454
0.0,0.0,10.677,19.2,1639178573456
0.0,0.0,10.656,19.2,1639178573469
0.0,0.0,10.667,19.2,1639178573470
0.0,0.0,10.667,19.2,1639178573472
0.0,0.0,10.75,19.2,1639178573474
0.0,0.0,10.708,19.2,1639178573476
0.0,0.0,10.698,19.2,1639178573478
0.0,0.0,10.74,19.2,1639178573479
0.0,0.0,10.74,19.2,1639178573481
0.0,0.0,10.74,19.2,1639178573482
0.0,0.0,10.729,19.2,1639178573484
0.0,0.0,10.781,19.2,1639178573486
0.0,0.0,10.885,19.2,1639178573487
0.0,0.0,10.875,19.2,1639178573489
0.0,0.0,10.823,19.2,1639178573656
0.0,0.0,10.792,19.2,1639178573658
0.0,0.0,10.812,19.2,1639178573670
0.0,0.0,10.802,19.2,1639178573674
0.0,0.0,10.74,19.2,1639178573691
0.0,0.0,10.677,19.2,1639178573694
0.0,0.0,10.677,19.2,1639178573697
0.0,0.0,10.76,19.2,1639178573763
0.0,0.0,10.854,19.2,1639178573837
0.0,0.0,10.906,19.4,1639178573903
0.0,0.0,10.896,19.4,1639178573972
0.0,0.0,10.896,19.4,1639178574043
0.0,0.0,10.927,19.4,1639178574114
0.0,0.0,10.896,19.4,1639178574183
0.0,0.0,10.844,19.4,1639178574251
0.0,0.0,10.802,19.4,1639178574395
0.0,0.0,10.812,19.4,1639178574462
0.0,0.0,10.875,19.4,1639178574601
0.0,0.0,10.916,19.4,1639178574671
0.0,0.0,10.885,19.4,1639178574741
0.0,0.0,10.885,19.4,1639178574813
0.0,0.0,10.854,19.4,1639178574882
0.0,0.0,10.771,19.4,1639178574951
0.0,0.0,10.719,19.4,1639178575028
0.0,0.0,10.615,19.4,1639178575096
0.0,0.0,10.615,19.4,1639178575164
0.0,0.0,10.625,19.4,1639178575233
0.0,0.0,10.646,19.4,1639178575303
0.0,0.0,10.677,19.4,1639178575392
0.0,0.0,10.583,19.4,1639178575448
0.0,0.0,10.542,19.4,1639178575513
0.0,0.0,10.552,19.4,1639178575582
0.0,0.0,10.552,19.4,1639178575660
0.0,0.0,10.511,19.4,1639178575749
0.0,0.0,10.521,19.4,1639178575790
0.0,0.0,10.49,19.4,1639178575863
0.0,0.0,10.552,19.4,1639178575934
0.0,0.0,10.604,19.4,1639178576024
0.0,0.0,10.521,19.4,1639178576071
0.0,0.0,10.417,19.4,1639178576144
0.0,0.0,10.417,19.4,1639178576214
0.0,0.0,10.375,19.4,1639178576282
0.0,0.0,10.292,19.4,1639178576358
0.0,0.0,10.24,19.4,1639178576421
0.0,0.0,10.24,19.4,1639178576491
0.0,0.0,10.271,19.4,1639178576630
0.0,0.0,10.323,19.4,1639178576700
0.0,0.0,10.396,19.4,1639178576770
0.0,0.0,10.407,19.4,1639178576840
0.0,0.0,10.386,19.4,1639178576916
0.0,0.0,10.386,19.4,1639178576983
0.0,0.0,10.386,19.4,1639178577058
0.0,0.0,10.334,19.4,1639178577123
0.0,0.0,10.282,19.4,1639178577194
0.0,0.0,10.271,19.4,1639178577262
0.0,0.0,10.271,19.4,1639178577333
0.0,0.0,10.396,19.4,1639178577401
0.0,0.0,10.407,19.4,1639178577476
0.0,0.0,10.407,19.4,1639178577540
0.0,0.0,10.417,19.4,1639178577635
0.0,0.0,10.396,19.4,1639178578026
0.0,0.0,10.49,19.4,1639178578029
0.0,0.0,10.531,19.4,1639178578032
0.0,0.0,10.625,19.4,1639178578035
0.0,0.0,10.646,19.4,1639178578050
0.0,0.0,10.635,19.4,1639178578171
0.0,0.0,10.594,19.4,1639178578269
0.0,0.0,10.583,19.4,1639178578311
0.0,0.0,10.573,19.4,1639178578390
0.0,0.0,10.604,19.4,1639178578488
0.0,0.0,10.656,19.4,1639178578523
0.0,0.0,10.708,19.4,1639178578603
0.0,0.0,10.708,19.4,1639178578661
0.0,0.0,10.708,19.4,1639178578763
0.0,0.0,10.75,19.4,1639178578802
0.0,0.0,10.833,19.4,1639178578885
0.0,0.0,10.833,19.4,1639178578980
0.0,0.0,10.823,19.4,1639178579012
0.0,0.0,10.823,19.4,1639178579102
0.0,0.0,10.76,19.4,1639178579152
0.0,0.0,10.708,19.4,1639178579222
0.0,0.0,10.708,19.4,1639178579431
0.0,0.0,10.698,19.4,1639178579502
0.0,0.0,10.74,19.4,1639178579571
0.0,0.0,10.802,19.4,1639178579647
0.0,0.0,10.864,19.4,1639178579738
0.0,0.0,10.927,19.4,1639178579781
0.0,0.0,11.031,19.4,1639178579857
0.0,0.0,10.927,19.6,1639178579926
0.0,0.0,10.875,19.6,1639178580398
0.0,0.0,10.906,19.6,1639178580412
0.0,0.0,10.906,19.6,1639178580414
0.0,0.0,10.948,19.6,1639178580417
0.0,0.0,10.906,19.6,1639178580418
0.0,0.0,10.906,19.6,1639178580421
0.0,0.0,10.906,19.6,1639178580485
0.0,0.0,10.885,19.6,1639178580551
0.0,0.0,10.896,19.6,1639178580625
0.0,0.0,10.927,19.6,1639178580695
0.0,0.0,10.937,19.6,1639178580763
0.0,0.0,10.948,19.6,1639178580835
0.0,0.0,10.916,19.6,1639178580909
0.0,0.0,10.958,19.6,1639178580975
0.0,0.0,10.958,19.6,1639178581041
0.0,0.0,10.906,19.6,1639178581113
0.0,0.0,10.885,19.6,1639178581183
0.0,0.0,10.833,19.6,1639178581255
0.0,0.0,10.844,19.6,1639178581321
0.0,0.0,10.854,19.6,1639178581393
0.0,0.0,10.864,19.6,1639178581464
0.0,0.0,10.864,19.6,1639178581534
0.0,0.0,10.844,19.6,1639178581600
0.0,0.0,10.833,19.6,1639178581671
0.0,0.0,10.75,19.6,1639178581741
0.0,0.0,10.75,19.6,1639178581817
0.0,0.0,10.677,19.6,1639178581885
0.0,0.0,10.635,19.6,1639178581955
0.0,0.0,10.573,19.6,1639178582169
0.0,0.0,10.511,19.6,1639178582175
0.0,0.0,10.469,19.6,1639178582182
0.0,0.0,10.521,19.6,1639178582233
0.0,0.0,10.573,19.6,1639178582304
0.0,0.0,10.573,19.6,1639178582372
0.0,0.0,10.542,19.6,1639178582440
0.0,0.0,10.531,19.6,1639178582510
0.0,0.0,10.5,19.6,1639178582580
0.0,0.0,10.438,19.6,1639178582650
0.0,0.0,10.438,19.6,1639178582722
0.0,0.0,10.479,19.6,1639178582791
0.0,0.0,10.542,19.6,1639178582929
0.0,0.0,10.5,19.6,1639178583001
0.0,0.0,10.531,19.6,1639178583072
0.0,0.0,10.49,19.6,1639178583141
0.0,0.0,10.427,19.6,1639178583211
0.0,0.0,10.438,19.6,1639178583294
0.0,0.0,10.438,19.6,1639178583384
0.0,0.0,10.407,19.6,1639178583419
0.0,0.0,10.407,19.6,1639178583491
0.0,0.0,10.459,19.6,1639178583564
0.0,0.0,10.354,19.6,1639178583655
0.0,0.0,10.354,19.6,1639178583701
0.0,0.0,10.334,19.6,1639178583772
0.0,0.0,10.302,19.6,1639178583841
0.0,0.0,10.386,19.6,1639178583923
0.0,0.0,10.386,19.6,1639178584014
0.0,0.0,10.469,19.6,1639178584050
0.0,0.0,10.469,19.6,1639178584123
0.0,0.0,10.49,19.6,1639178584195
0.0,0.0,10.531,19.6,1639178584263
0.0,0.0,10.594,19.6,1639178584332
0.0,0.0,10.604,19.6,1639178584403
0.0,0.0,10.583,19.6,1639178584471
0.0,0.0,10.511,19.6,1639178584543
0.0,0.0,10.511,19.6,1639178584612
0.0,0.0,10.5,19.6,1639178584745
0.0,0.0,10.531,19.6,1639178584753
0.0,0.0,10.531,19.6,1639178584824
0.0,0.0,10.583,19.6,1639178584968
0.0,0.0,10.635,19.6,1639178584973
0.0,0.0,10.531,19.6,1639178585030
0.0,0.0,10.5,19.6,1639178585185
0.0,0.0,10.448,19.6,1639178585189
0.0,0.0,10.438,19.6,1639178585240
0.0,0.0,10.396,19.6,1639178585408
0.0,0.0,10.427,19.6,1639178585420
0.0,0.0,10.479,19.6,1639178585450
0.0,0.0,10.49,19.6,1639178585631
0.0,0.0,10.521,19.6,1639178585668
0.0,0.0,10.563,19.6,1639178585875
0.0,0.0,10.521,19.6,1639178585879
0.0,0.0,10.531,19.6,1639178585884
0.0,0.0,10.615,19.8,1639178585944
0.0,0.0,10.625,19.8,1639178586090
0.0,0.0,10.635,19.8,1639178586092
0.0,0.0,10.635,19.8,1639178586150
0.0,0.0,10.563,19.8,1639178586314
0.0,0.0,10.563,19.8,1639178586351
0.0,0.0,10.563,19.8,1639178586365
0.0,0.0,10.542,19.8,1639178586443
0.0,0.0,10.531,19.8,1639178586536
0.0,0.0,10.459,19.8,1639178586579
0.0,0.0,10.459,19.8,1639178586640
0.0,0.0,10.521,19.8,1639178586711
0.0,0.0,10.542,19.8,1639178586780
0.0,0.0,10.635,19.8,1639178586851
0.0,0.0,10.635,19.8,1639178586920
0.0,0.0,10.635,19.8,1639178586990
0.0,0.0,10.542,19.8,1639178587061
0.0,0.0,10.469,19.8,1639178587131
0.0,0.0,10.438,19.8,1639178587201
0.0,0.0,10.459,19.8,1639178587271
0.0,0.0,10.552,19.8,1639178587339
0.0,0.0,10.646,19.8,1639178587410
0.0,0.0,10.687,19.8,1639178587479
0.0,0.0,10.698,19.8,1639178587553
0.0,0.0,10.656,19.8,1639178587623
0.0,0.0,10.563,19.8,1639178587691
0.0,0.0,10.521,19.8,1639178587760
0.0,0.0,10.521,19.8,1639178587830
0.0,0.0,10.479,19.8,1639178587900
0.0,0.0,10.531,19.8,1639178587972
0.0,0.0,10.615,19.8,1639178588040
0.0,0.0,10.646,19.8,1639178588109
0.0,0.0,10.615,19.8,1639178588180
0.0,0.0,10.552,19.8,1639178588250
0.0,0.0,10.542,19.8,1639178588321
0.0,0.0,10.573,19.8,1639178589038
0.0,0.0,10.583,19.8,1639178589043
0.0,0.0,10.594,19.8,1639178589045
0.0,0.0,10.604,19.8,1639178589052
0.0,0.0,10.635,19.8,1639178589054
0.0,0.0,10.667,19.8,1639178589060
0.0,0.0,10.698,19.8,1639178589062
0.0,0.0,10.677,19.8,1639178589085
0.0,0.0,10.698,19.8,1639178589101
0.0,0.0,10.74,19.8,1639178589135
0.0,0.0,10.74,19.8,1639178589176
0.0,0.0,10.75,19.8,1639178589235
0.0,0.0,10.708,19.8,1639178589303
0.0,0.0,10.771,19.8,1639178589372
0.0,0.0,10.802,19.8,1639178589442
0.0,0.0,10.781,19.8,1639178589512
0.0,0.0,10.719,19.8,1639178589584
0.0,0.0,10.687,19.8,1639178589651
0.0,0.0,10.677,19.8,1639178589792
0.0,0.0,10.646,19.8,1639178589861
0.0,0.0,10.583,19.8,1639178589929
0.0,0.0,10.594,19.8,1639178589999
0.0,0.0,10.677,19.8,1639178590073
0.0,0.0,10.771,19.8,1639178590141
0.0,0.0,10.74,19.8,1639178590212
0.0,0.0,10.687,19.8,1639178590280
0.0,0.0,10.656,19.8,1639178590369
0.0,0.0,10.625,19.8,1639178590421
0.0,0.0,10.625,19.8,1639178590495
0.0,0.0,10.594,19.8,1639178590563
0.0,0.0,10.542,19.8,1639178590642
0.0,0.0,10.542,19.8,1639178590730
0.0,0.0,10.552,19.8,1639178590770
0.0,0.0,10.625,19.8,1639178590843
0.0,0.0,10.667,19.8,1639178590912
0.0,0.0,10.656,19.8,1639178591002
0.0,0.0,10.646,19.8,1639178591124
0.0,0.0,10.656,19.8,1639178591192
0.0,0.0,10.698,19.8,1639178591261
0.0,0.0,10.708,19.8,1639178591335
0.0,0.0,10.719,19.8,1639178591404
0.0,0.0,10.719,19.8,1639178591474
0.0,0.0,10.677,19.8,1639178591543
0.0,0.0,10.635,19.8,1639178591615
0.0,0.0,10.583,19.8,1639178591682
0.0,0.0,10.531,19.8,1639178591753
0.0,0.0,10.583,19.8,1639178591824
0.0,0.0,10.635,19.8,1639178591964
0.0,0.0,10.698,19.8,1639178592031
0.0,0.0,10.667,19.8,1639178592102
0.0,0.0,10.635,19.8,1639178592173
0.0,0.0,10.677,19.8,1639178592242
0.0,0.0,10.781,19.8,1639178592313
0.0,0.0,10.76,19.8,1639178592382
0.0,0.0,10.729,19.8,1639178592452
0.0,0.0,10.698,19.8,1639178592521
0.0,0.0,10.687,19.8,1639178592593
0.0,0.0,10.792,19.8,1639178592661
0.0,0.0,10.76,19.8,1639178592785
0.0,0.0,10.698,19.8,1639178592811
0.0,0.0,10.635,19.8,1639178592946
0.0,0.0,10.698,19.8,1639178593010
0.0,0.0,10.771,19.8,1639178593089
0.0,0.0,10.687,19.8,1639178593157
0.0,0.0,10.594,19.8,1639178593223
0.0,0.0,10.573,19.8,1639178593292
0.0,0.0,10.573,19.8,1639178593363
0.0,0.0,10.531,19.8,1639178593433
0.0,0.0,10.531,19.8,1639178593501
0.0,0.0,10.531,19.8,1639178593572
0.0,0.0,10.542,19.8,1639178593713
0.0,0.0,10.531,19.8,1639178593783
0.0,0.0,10.438,19.8,1639178593851
0.0,0.0,10.354,19.8,1639178593920
0.0,0.0,10.334,19.8,1639178593990
0.0,0.0,10.334,19.8,1639178594060
0.0,0.0,10.386,19.8,1639178594130
0.0,0.0,10.469,19.8,1639178594200
0.0,0.0,10.386,19.8,1639178594270
0.0,0.0,10.313,19.8,1639178594340
0.0,0.0,10.292,19.8,1639178594411
0.0,0.0,10.313,19.8,1639178594483
0.0,0.0,10.302,19.8,1639178594563
0.0,0.0,10.292,19.8,1639178594652
0.0,0.0,10.282,19.8,1639178594693
0.0,0.0,10.334,19.8,1639178594763
0.0,0.0,10.334,19.8,1639178594836
35.16348648071289,139.60870361328125,10.334,19.8,1639178594836
0.0,0.0,10.365,19.8,1639178596422
0.0,0.0,10.386,20.0,1639178596428
0.0,0.0,10.334,20.0,1639178596432
0.0,0.0,10.365,20.0,1639178596434
0.0,0.0,10.469,20.0,1639178596437
0.0,0.0,10.5,20.0,1639178596438
0.0,0.0,10.469,20.0,1639178596451
0.0,0.0,10.427,20.0,1639178596455
0.0,0.0,10.438,20.0,1639178596481
0.0,0.0,10.531,20.0,1639178596497
0.0,0.0,10.427,20.0,1639178596502
0.0,0.0,10.375,20.0,1639178596503
0.0,0.0,10.396,20.0,1639178596505
0.0,0.0,10.407,20.0,1639178596519
0.0,0.0,10.365,20.0,1639178596523
0.0,0.0,10.354,20.0,1639178596548
0.0,0.0,10.407,20.0,1639178596563
0.0,0.0,10.417,20.0,1639178596565
0.0,0.0,10.5,20.0,1639178596567
0.0,0.0,10.563,20.0,1639178596568
0.0,0.0,10.615,20.0,1639178596569
0.0,0.0,10.615,20.0,1639178596570
0.0,0.0,10.573,20.0,1639178596572
0.0,0.0,10.656,20.0,1639178596586
0.0,0.0,10.677,20.0,1639178596587
0.0,0.0,10.729,20.0,1639178596653
0.0,0.0,10.76,20.0,1639178596721
0.0,0.0,10.719,20.0,1639178596791
0.0,0.0,10.677,20.0,1639178596861
0.0,0.0,10.677,20.0,1639178597001
0.0,0.0,10.677,20.0,1639178597326
0.0,0.0,10.635,20.0,1639178597330
0.0,0.0,10.615,20.0,1639178597333
0.0,0.0,10.563,20.0,1639178597334
0.0,0.0,10.531,20.0,1639178597421
0.0,0.0,10.469,20.0,1639178597489
0.0,0.0,10.469,20.0,1639178597560
0.0,0.0,10.511,20.0,1639178597633
0.0,0.0,10.563,20.0,1639178597706
0.0,0.0,10.625,20.0,1639178597771
0.0,0.0,10.656,20.0,1639178597922
0.0,0.0,10.604,20.0,1639178598021
0.0,0.0,10.677,20.0,1639178598050
0.0,0.0,10.74,20.0,1639178598140
0.0,0.0,10.708,20.0,1639178598237
0.0,0.0,10.604,20.0,1639178598282
0.0,0.0,10.646,20.0,1639178598332
0.0,0.0,10.604,20.0,1639178598412
0.0,0.0,10.615,20.0,1639178598471
0.0,0.0,10.594,20.0,1639178598565
0.0,0.0,10.573,20.0,1639178598637
0.0,0.0,10.521,20.0,1639178598680
0.0,0.0,10.511,20.0,1639178598772
0.0,0.0,10.5,20.0,1639178598820
0.0,0.0,10.469,20.0,1639178598955
0.0,0.0,10.427,20.0,1639178599030
0.0,0.0,10.511,20.0,1639178599131
0.0,0.0,10.427,20.0,1639178599175
0.0,0.0,10.334,20.0,1639178599281
0.0,0.0,10.438,20.0,1639178599583
0.0,0.0,10.469,20.0,1639178599588
0.0,0.0,10.469,20.0,1639178599589
0.0,0.0,10.511,20.0,1639178599590
0.0,0.0,10.573,20.0,1639178599593
0.0,0.0,10.615,20.0,1639178599660
0.0,0.0,10.656,20.0,1639178599731
0.0,0.0,10.74,20.0,1639178599801
0.0,0.0,10.823,20.0,1639178599872
0.0,0.0,10.812,20.0,1639178599942
0.0,0.0,10.802,20.0,1639178600011
0.0,0.0,10.719,20.0,1639178600083
0.0,0.0,10.625,20.0,1639178600228
0.0,0.0,10.604,20.0,1639178600294
0.0,0.0,10.656,20.0,1639178600427
0.0,0.0,10.687,20.0,1639178600439
0.0,0.0,10.646,20.0,1639178600504
0.0,0.0,10.646,20.0,1639178600653
0.0,0.0,10.708,20.0,1639178600662
0.0,0.0,10.625,20.0,1639178600715
0.0,0.0,10.667,20.0,1639178600870
0.0,0.0,10.667,20.0,1639178600877
0.0,0.0,10.76,20.0,1639178600923
0.0,0.0,10.75,20.0,1639178601090
0.0,0.0,10.75,20.0,1639178601097
0.0,0.0,10.75,20.0,1639178601143
0.0,0.0,10.802,20.0,1639178601303
0.0,0.0,10.885,20.0,1639178601306
0.0,0.0,10.885,20.0,1639178601342
0.0,0.0,10.896,20.0,1639178603149
0.0,0.0,10.979,20.0,1639178604117
0.0,0.0,11.031,20.0,1639178604124
0.0,0.0,11.021,20.0,1639178604126
0.0,0.0,10.948,20.0,1639178604128
0.0,0.0,10.854,20.0,1639178604133
0.0,0.0,10.844,20.0,1639178604135
0.0,0.0,10.802,20.0,1639178604136
0.0,0.0,10.698,20.0,1639178604138
0.0,0.0,10.698,20.0,1639178604141
0.0,0.0,10.604,20.0,1639178604143
0.0,0.0,10.573,20.0,1639178604147
0.0,0.0,10.542,20.0,1639178604158
0.0,0.0,10.552,20.0,1639178604160
0.0,0.0,10.615,20.0,1639178604161
0.0,0.0,10.708,20.0,1639178604163
0.0,0.0,10.698,20.0,1639178604172
0.0,0.0,10.687,20.0,1639178604174
0.0,0.0,10.646,20.0,1639178604177
0.0,0.0,10.677,20.0,1639178604179
0.0,0.0,10.687,20.0,1639178604180
0.0,0.0,10.719,20.0,1639178604205
0.0,0.0,10.708,20.0,1639178604206
0.0,0.0,10.677,20.0,1639178604208
0.0,0.0,10.646,20.0,1639178604210
0.0,0.0,10.646,20.0,1639178604212
0.0,0.0,10.677,20.0,1639178604214
0.0,0.0,10.677,20.0,1639178604217
0.0,0.0,10.635,20.0,1639178604218
0.0,0.0,10.531,20.0,1639178604334
0.0,0.0,10.448,20.0,1639178604346
0.0,0.0,10.417,20.0,1639178604348
0.0,0.0,10.23,20.0,1639178604351
0.0,0.0,10.334,20.0,1639178604353
0.0,0.0,10.334,20.0,1639178604355
0.0,0.0,10.334,20.0,1639178604358
0.0,0.0,10.396,20.0,1639178604422
0.0,0.0,10.365,20.0,1639178604494
0.0,0.0,10.365,20.0,1639178604560
0.0,0.0,10.407,20.0,1639178604630
0.0,0.0,10.448,20.0,1639178604701
0.0,0.0,10.448,20.0,1639178604770
0.0,0.0,10.459,20.0,1639178604840
0.0,0.0,10.459,20.0,1639178604910
0.0,0.0,10.459,20.0,1639178605049
0.0,0.0,10.365,20.0,1639178605122
0.0,0.0,10.313,20.0,1639178605189
0.0,0.0,10.282,20.0,1639178605261
0.0,0.0,10.323,20.0,1639178605331
0.0,0.0,10.323,20.0,1639178605402
0.0,0.0,10.323,20.0,1639178605471
0.0,0.0,10.302,20.0,1639178605542
0.0,0.0,10.334,20.0,1639178605612
0.0,0.0,10.334,20.0,1639178605681
0.0,0.0,10.292,20.0,1639178605750
0.0,0.0,10.23,20.0,1639178605823
0.0,0.0,10.302,20.0,1639178605889
0.0,0.0,10.365,20.0,1639178605962
0.0,0.0,10.427,20.0,1639178606030
0.0,0.0,10.438,20.0,1639178606100
0.0,0.0,10.427,20.0,1639178606169
0.0,0.0,10.354,20.0,1639178606240
0.0,0.0,10.302,20.0,1639178606313
0.0,0.0,10.365,20.0,1639178606380
0.0,0.0,10.448,20.0,1639178606459
0.0,0.0,10.417,20.0,1639178606593
0.0,0.0,10.365,20.0,1639178606659
0.0,0.0,10.313,20.0,1639178606733
0.0,0.0,10.271,20.0,1639178606823
0.0,0.0,10.292,20.0,1639178606872
0.0,0.0,10.344,20.0,1639178606942
0.0,0.0,10.323,20.0,1639178607011
0.0,0.0,10.334,20.0,1639178607090
0.0,0.0,10.323,20.0,1639178607179
0.0,0.0,10.219,20.0,1639178607220
0.0,0.0,10.126,20.0,1639178607289
0.0,0.0,10.25,20.0,1639178607430
0.0,0.0,10.375,20.0,1639178607501
0.0,0.0,10.459,20.0,1639178607570
0.0,0.0,10.49,20.0,1639178607640
0.0,0.0,10.448,20.0,1639178607710
0.0,0.0,10.417,20.0,1639178607779
0.0,0.0,10.448,20.0,1639178607849
0.0,0.0,10.427,20.0,1639178607920
0.0,0.0,10.334,20.0,1639178607994
0.0,0.0,10.25,20.0,1639178608062
0.0,0.0,10.271,20.0,1639178608133
0.0,0.0,10.334,20.0,1639178608203
0.0,0.0,10.271,20.0,1639178608273
0.0,0.0,10.302,20.0,1639178608343
0.0,0.0,10.282,20.0,1639178608412
0.0,0.0,10.302,20.0,1639178608481
0.0,0.0,10.323,20.0,1639178608554
0.0,0.0,10.386,20.0,1639178608622
0.0,0.0,10.386,20.0,1639178608693
0.0,0.0,10.427,20.0,1639178608761
0.0,0.0,10.417,20.0,1639178608833
0.0,0.0,10.459,20.0,1639178608904
0.0,0.0,10.5,20.0,1639178608979
0.0,0.0,10.594,20.0,1639178609041
0.0,0.0,10.646,20.0,1639178609113
0.0,0.0,10.646,20.0,1639178609181
0.0,0.0,10.698,20.0,1639178609249
0.0,0.0,10.729,20.0,1639178609323
0.0,0.0,10.646,20.0,1639178609394
0.0,0.0,10.604,20.0,1639178609459
0.0,0.0,10.719,20.0,1639178609530
0.0,0.0,10.812,20.0,1639178609601
0.0,0.0,10.75,20.0,1639178609671
0.0,0.0,10.719,20.0,1639178609744
0.0,0.0,10.667,20.0,1639178609812
0.0,0.0,10.635,20.0,1639178609881
0.0,0.0,10.635,20.0,1639178609952
0.0,0.0,10.667,20.0,1639178610020
0.0,0.0,10.698,20.0,1639178610091
0.0,0.0,10.75,20.0,1639178610163
0.0,0.0,10.875,20.0,1639178610236
0.0,0.0,10.937,20.0,1639178610301
0.0,0.0,10.958,20.0,1639178610373
0.0,0.0,10.948,20.0,1639178610441
0.0,0.0,10.896,20.0,1639178610517
0.0,0.0,10.864,20.0,1639178611974
0.0,0.0,10.875,20.0,1639178611979
0.0,0.0,10.906,20.0,1639178611983
0.0,0.0,10.875,20.0,1639178611987
0.0,0.0,10.885,20.0,1639178612004
0.0,0.0,10.968,20.0,1639178612006
0.0,0.0,10.937,20.0,1639178612008
0.0,0.0,10.937,20.0,1639178612010
0.0,0.0,10.844,20.0,1639178612011
0.0,0.0,10.844,20.0,1639178612013
0.0,0.0,10.74,20.0,1639178612019
0.0,0.0,10.771,20.0,1639178612030
0.0,0.0,10.708,20.0,1639178612032
0.0,0.0,10.687,20.0,1639178612033
0.0,0.0,10.687,20.0,1639178612034
0.0,0.0,10.75,20.0,1639178612035
0.0,0.0,10.792,20.0,1639178612038
0.0,0.0,10.698,20.0,1639178612065
0.0,0.0,10.604,20.0,1639178612084
0.0,0.0,10.594,20.0,1639178612088
0.0,0.0,10.604,20.0,1639178612103
0.0,0.0,10.635,20.0,1639178612136
0.0,0.0,10.667,20.0,1639178612191
0.0,0.0,10.687,20.0,1639178612262
0.0,0.0,10.615,20.0,1639178612332
0.0,0.0,10.646,20.0,1639178612399
0.0,0.0,10.646,20.0,1639178612470
0.0,0.0,10.604,20.0,1639178612539
0.0,0.0,10.583,20.0,1639178612609
0.0,0.0,10.552,20.0,1639178612680
0.0,0.0,10.511,20.0,1639178612939
0.0,0.0,10.604,20.0,1639178612941
0.0,0.0,10.646,20.0,1639178612943
0.0,0.0,10.635,20.2,1639178612961
0.0,0.0,10.615,20.2,1639178613031
0.0,0.0,10.677,20.2,1639178613099
0.0,0.0,10.687,20.2,1639178613172
0.0,0.0,10.656,20.2,1639178613241
0.0,0.0,10.646,20.2,1639178613316
0.0,0.0,10.646,20.2,1639178613383
0.0,0.0,10.75,20.2,1639178613450
0.0,0.0,10.75,20.2,1639178613525
0.0,0.0,10.844,20.2,1639178613592
0.0,0.0,10.812,20.2,1639178613661
0.0,0.0,10.875,20.2,1639178613734
0.0,0.0,10.792,20.2,1639178613801
0.0,0.0,10.792,20.2,1639178613874
0.0,0.0,10.792,20.2,1639178613941
0.0,0.0,10.802,20.2,1639178614015
0.0,0.0,10.844,20.2,1639178614085
0.0,0.0,10.937,20.2,1639178614154
0.0,0.0,10.885,20.2,1639178614225
0.0,0.0,10.875,20.2,1639178614290
0.0,0.0,10.916,20.2,1639178614366
0.0,0.0,10.885,20.2,1639178614435
0.0,0.0,10.802,20.2,1639178614503
0.0,0.0,10.802,20.2,1639178614574
0.0,0.0,10.708,20.2,1639178614641
0.0,0.0,10.677,20.2,1639178614711
0.0,0.0,10.604,20.2,1639178615486
0.0,0.0,10.646,20.2,1639178615490
0.0,0.0,10.687,20.2,1639178615503
0.0,0.0,10.792,20.2,1639178615504
0.0,0.0,10.781,20.2,1639178615507
0.0,0.0,10.792,20.2,1639178615510
0.0,0.0,10.75,20.2,1639178615512
0.0,0.0,10.687,20.2,1639178615513
0.0,0.0,10.698,20.2,1639178615516
0.0,0.0,10.74,20.2,1639178615517
0.0,0.0,10.792,20.2,1639178615519
0.0,0.0,10.833,20.2,1639178615558
0.0,0.0,10.833,20.2,1639178615621
0.0,0.0,10.844,20.2,1639178615707
0.0,0.0,10.844,20.2,1639178615796
0.0,0.0,10.812,20.2,1639178615836
0.0,0.0,10.844,20.2,1639178615906
0.0,0.0,10.792,20.2,1639178615972
0.0,0.0,10.802,20.2,1639178616047
0.0,0.0,10.76,20.2,1639178616113
0.0,0.0,10.771,20.2,1639178616185
0.0,0.0,10.771,20.2,1639178616256
0.0,0.0,10.802,20.2,1639178616329
0.0,0.0,10.698,20.2,1639178616395
0.0,0.0,10.802,20.2,1639178616465
0.0,0.0,10.719,20.2,1639178616536
0.0,0.0,10.677,20.2,1639178616606
0.0,0.0,10.708,20.2,1639178616674
0.0,0.0,10.802,20.2,1639178616744
0.0,0.0,10.875,20.2,1639178616815
0.0,0.0,10.885,20.2,1639178616883
0.0,0.0,10.885,20.2,1639178616951
0.0,0.0,10.989,20.2,1639178617021
0.0,0.0,10.989,20.2,1639178617091
0.0,0.0,11.0,20.2,1639178617161
0.0,0.0,10.979,20.2,1639178617231
0.0,0.0,10.906,20.2,1639178617301
0.0,0.0,10.854,20.2,1639178617511
0.0,0.0,10.948,20.2,1639178617581
0.0,0.0,11.021,20.2,1639178617652
0.0,0.0,10.968,20.2,1639178617768
0.0,0.0,10.948,20.2,1639178617793
0.0,0.0,10.844,20.2,1639178617896
0.0,0.0,10.76,20.2,1639178617938
0.0,0.0,10.771,20.2,1639178618020
0.0,0.0,10.781,20.2,1639178618113
0.0,0.0,10.74,20.2,1639178618142
0.0,0.0,10.771,20.2,1639178618229
0.0,0.0,10.76,20.2,1639178618280
0.0,0.0,10.802,20.2,1639178618392
0.0,0.0,10.854,20.2,1639178618421
0.0,0.0,10.823,20.2,1639178618542
0.0,0.0,10.719,20.2,1639178618561
0.0,0.0,10.729,20.2,1639178618631
0.0,0.0,10.698,20.2,1639178618722
0.0,0.0,10.781,20.2,1639178618771
0.0,0.0,10.771,20.2,1639178618842
0.0,0.0,10.781,20.2,1639178618913
0.0,0.0,10.792,20.2,1639178619651
0.0,0.0,10.802,20.2,1639178619653
0.0,0.0,10.802,20.2,1639178619656
0.0,0.0,10.792,20.2,1639178619662
0.0,0.0,10.875,20.2,1639178619664
0.0,0.0,10.812,20.2,1639178619669
0.0,0.0,10.792,20.2,1639178619671
0.0,0.0,10.802,20.2,1639178619672
0.0,0.0,10.802,20.2,1639178619676
0.0,0.0,10.823,20.2,1639178619677
0.0,0.0,10.885,20.2,1639178619704
0.0,0.0,10.927,20.2,1639178619752
0.0,0.0,10.896,20.2,1639178619826
0.0,0.0,10.885,20.2,1639178619892
0.0,0.0,10.885,20.2,1639178619961
0.0,0.0,10.885,20.2,1639178620032
0.0,0.0,10.979,20.2,1639178620101
0.0,0.0,11.021,20.2,1639178620171
0.0,0.0,10.968,20.2,1639178620241
0.0,0.0,10.875,20.2,1639178620311
0.0,0.0,10.823,20.2,1639178620381
0.0,0.0,10.802,20.2,1639178620452
0.0,0.0,10.781,20.2,1639178620521
0.0,0.0,10.792,20.2,1639178620591
0.0,0.0,10.833,20.2,1639178620662
0.0,0.0,10.896,20.2,1639178620735
0.0,0.0,11.0,20.2,1639178620801
0.0,0.0,11.0,20.2,1639178620870
0.0,0.0,10.948,20.2,1639178620941
0.0,0.0,10.875,20.2,1639178621016
0.0,0.0,10.781,20.2,1639178621081
0.0,0.0,10.854,20.2,1639178621154
0.0,0.0,10.885,20.2,1639178621225
0.0,0.0,10.854,20.2,1639178621294
0.0,0.0,10.823,20.2,1639178621364
0.0,0.0,10.802,20.2,1639178621434
0.0,0.0,10.76,20.2,1639178621505
0.0,0.0,10.854,20.2,1639178621572
0.0,0.0,10.844,20.2,1639178621645
0.0,0.0,10.781,20.2,1639178621715
0.0,0.0,10.667,20.2,1639178621782
0.0,0.0,10.646,20.2,1639178621854
0.0,0.0,10.604,20.2,1639178621923
0.0,0.0,10.604,20.2,1639178621992
0.0,0.0,10.604,20.2,1639178622063
0.0,0.0,10.625,20.2,1639178622135
0.0,0.0,10.677,20.2,1639178622200
0.0,0.0,10.656,20.2,1639178622274
0.0,0.0,10.646,20.2,1639178622342
0.0,0.0,10.646,20.2,1639178622409
0.0,0.0,10.687,20.2,1639178622480
0.0,0.0,10.771,20.2,1639178622553
0.0,0.0,10.854,20.2,1639178622621
0.0,0.0,10.781,20.2,1639178622692
0.0,0.0,10.771,20.2,1639178622783
0.0,0.0,10.729,20.2,1639178622900
0.0,0.0,10.75,20.2,1639178622971
0.0,0.0,10.76,20.2,1639178623040
0.0,0.0,10.75,20.2,1639178623130
0.0,0.0,10.74,20.2,1639178623181
0.0,0.0,10.833,20.2,1639178623251
0.0,0.0,10.916,20.2,1639178623321
0.0,0.0,11.01,20.2,1639178623399
0.0,0.0,11.021,20.2,1639178623497
0.0,0.0,10.927,20.2,1639178623530
0.0,0.0,10.854,20.2,1639178623673
0.0,0.0,10.885,20.2,1639178623756
0.0,0.0,10.916,20.2,1639178623811
0.0,0.0,10.958,20.2,1639178623882
0.0,0.0,10.958,20.2,1639178623952
0.0,0.0,10.968,20.2,1639178624021
0.0,0.0,11.0,20.2,1639178624092
0.0,0.0,11.093,20.2,1639178624165
0.0,0.0,11.062,20.2,1639178624236
0.0,0.0,11.104,20.2,1639178624301
0.0,0.0,11.114,20.2,1639178624377
0.0,0.0,11.135,20.2,1639178624443
0.0,0.0,11.125,20.2,1639178624515
0.0,0.0,11.114,20.2,1639178624586
0.0,0.0,11.052,20.2,1639178624652
0.0,0.0,11.021,20.2,1639178624721
0.0,0.0,11.052,20.2,1639178624795
0.0,0.0,11.052,20.2,1639178624863
0.0,0.0,11.052,20.2,1639178624935
0.0,0.0,11.073,20.2,1639178625002
0.0,0.0,11.177,20.2,1639178625073
0.0,0.0,11.229,20.2,1639178625145
0.0,0.0,11.177,20.2,1639178625211
0.0,0.0,11.062,20.2,1639178625285
0.0,0.0,11.052,20.2,1639178625414
0.0,0.0,11.062,20.2,1639178625420
0.0,0.0,11.073,20.2,1639178625491
0.0,0.0,11.093,20.2,1639178625561
0.0,0.0,11.093,20.2,1639178625637
0.0,0.0,11.093,20.2,1639178625705
0.0,0.0,11.052,20.2,1639178625771
0.0,0.0,11.062,20.2,1639178625841
0.0,0.0,11.062,20.2,1639178625911
0.0,0.0,10.968,20.2,1639178625983
0.0,0.0,10.927,20.2,1639178626051
0.0,0.0,10.927,20.2,1639178626121
0.0,0.0,10.896,20.2,1639178626191
0.0,0.0,10.906,20.2,1639178626261
0.0,0.0,10.937,20.2,1639178626337
35.163482666015625,139.6087188720703,10.937,20.2,1639178626337
0.0,0.0,10.906,20.2,1639178626402
0.0,0.0,10.906,20.2,1639178626471
0.0,0.0,10.875,20.2,1639178626541
0.0,0.0,10.875,20.2,1639178626612
0.0,0.0,10.906,20.2,1639178626681
0.0,0.0,10.906,20.2,1639178626753
0.0,0.0,10.844,20.2,1639178626822
0.0,0.0,10.854,20.2,1639178626920
0.0,0.0,10.864,20.2,1639178626963
0.0,0.0,10.864,20.2,1639178627031
0.0,0.0,10.812,20.2,1639178627103
0.0,0.0,10.823,20.2,1639178627178
0.0,0.0,10.802,20.2,1639178627269
0.0,0.0,10.729,20.2,1639178628852
0.0,0.0,10.635,20.2,1639178628855
0.0,0.0,10.729,20.2,1639178628859
0.0,0.0,10.812,20.2,1639178628869
0.0,0.0,10.812,20.2,1639178628871
0.0,0.0,10.812,20.2,1639178628905
0.0,0.0,10.823,20.2,1639178628908
0.0,0.0,10.802,20.2,1639178628928
0.0,0.0,10.802,20.2,1639178628933
0.0,0.0,10.812,20.2,1639178628935
0.0,0.0,10.854,20.2,1639178628938
0.0,0.0,10.896,20.2,1639178628940
0.0,0.0,10.927,20.2,1639178628942
0.0,0.0,11.01,20.2,1639178628944
0.0,0.0,11.062,20.2,1639178628945
0.0,0.0,11.062,20.2,1639178628952
0.0,0.0,11.093,20.2,1639178628955
0.0,0.0,11.041,20.2,1639178628978
0.0,0.0,10.948,20.2,1639178628980
0.0,0.0,10.979,20.2,1639178628981
0.0,0.0,11.01,20.2,1639178628982
0.0,0.0,11.041,20.2,1639178628984
0.0,0.0,10.989,20.2,1639178628993
0.0,0.0,10.958,20.2,1639178628994
0.0,0.0,10.979,20.2,1639178628997
0.0,0.0,11.031,20.2,1639178629066
0.0,0.0,11.114,20.2,1639178629136
0.0,0.0,11.145,20.2,1639178629201
0.0,0.0,11.114,20.2,1639178630122
0.0,0.0,11.073,20.2,1639178630136
0.0,0.0,11.062,20.2,1639178630138
0.0,0.0,11.062,20.2,1639178630141
0.0,0.0,11.114,20.2,1639178630144
0.0,0.0,11.218,20.2,1639178630145
0.0,0.0,11.208,20.2,1639178630147
0.0,0.0,11.218,20.2,1639178630155
0.0,0.0,11.229,20.2,1639178630158
0.0,0.0,11.218,20.2,1639178630159
0.0,0.0,11.177,20.2,1639178630161
0.0,0.0,11.197,20.2,1639178630163
0.0,0.0,11.197,20.2,1639178630171
0.0,0.0,11.156,20.2,1639178630201
0.0,0.0,11.073,20.2,1639178630253
0.0,0.0,11.062,20.2,1639178630323
0.0,0.0,11.083,20.2,1639178630394
0.0,0.0,11.083,20.2,1639178630465
0.0,0.0,11.073,20.2,1639178630534
0.0,0.0,11.073,20.2,1639178630606
0.0,0.0,11.083,20.2,1639178630678
0.0,0.0,11.125,20.2,1639178630742
0.0,0.0,11.218,20.2,1639178630812
0.0,0.0,11.177,20.2,1639178630884
0.0,0.0,11.177,20.2,1639178630953
0.0,0.0,11.145,20.2,1639178631024
0.0,0.0,11.156,20.2,1639178631094
0.0,0.0,11.197,20.2,1639178631163
0.0,0.0,11.197,20.2,1639178631231
0.0,0.0,11.166,20.2,1639178631306
0.0,0.0,11.062,20.2,1639178631378
0.0,0.0,11.062,20.2,1639178631444
0.0,0.0,11.104,20.2,1639178631542
0.0,0.0,11.218,20.2,1639178631584
0.0,0.0,11.218,20.2,1639178631654
0.0,0.0,11.239,20.2,1639178631724
0.0,0.0,11.177,20.2,1639178631807
0.0,0.0,11.093,20.2,1639178632001
0.0,0.0,11.093,20.2,1639178632073
0.0,0.0,11.093,20.2,1639178632165
0.0,0.0,11.083,20.2,1639178632212
0.0,0.0,11.104,20.2,1639178632281
0.0,0.0,11.145,20.2,1639178632352
0.0,0.0,11.135,20.2,1639178632422
0.0,0.0,11.031,20.2,1639178632495
0.0,0.0,11.073,20.2,1639178632560
0.0,0.0,11.166,20.2,1639178632632
0.0,0.0,11.125,20.2,1639178632701
0.0,0.0,11.166,20.2,1639178632845
0.0,0.0,11.145,20.2,1639178632914
0.0,0.0,11.145,20.2,1639178632985
0.0,0.0,11.104,20.2,1639178633055
0.0,0.0,11.125,20.2,1639178633125
0.0,0.0,11.083,20.2,1639178633198
0.0,0.0,11.093,20.2,1639178633266
0.0,0.0,11.125,20.2,1639178633336
0.0,0.0,11.135,20.2,1639178633406
0.0,0.0,11.177,20.2,1639178633474
0.0,0.0,11.239,20.2,1639178633544
0.0,0.0,11.177,20.2,1639178633614
0.0,0.0,11.125,20.2,1639178633694
0.0,0.0,11.156,20.2,1639178633756
0.0,0.0,11.187,20.2,1639178633822
0.0,0.0,11.208,20.2,1639178633896
0.0,0.0,11.104,20.4,1639178633962
0.0,0.0,11.083,20.4,1639178634031
0.0,0.0,11.083,20.4,1639178634103
0.0,0.0,11.073,20.4,1639178634172
0.0,0.0,11.104,20.4,1639178634241
0.0,0.0,11.187,20.4,1639178634312
0.0,0.0,11.187,20.4,1639178634382
0.0,0.0,11.197,20.4,1639178634451
0.0,0.0,11.218,20.4,1639178634521
0.0,0.0,11.208,20.4,1639178634590
0.0,0.0,11.197,20.4,1639178634663
0.0,0.0,11.197,20.4,1639178634732
0.0,0.0,11.249,20.4,1639178634802
0.0,0.0,11.249,20.4,1639178634872
0.0,0.0,11.239,20.4,1639178634942
0.0,0.0,11.291,20.4,1639178635015
0.0,0.0,11.281,20.4,1639178635099
0.0,0.0,11.218,20.4,1639178635177
0.0,0.0,11.177,20.4,1639178635223
0.0,0.0,11.208,20.4,1639178635291
0.0,0.0,11.187,20.4,1639178635360
0.0,0.0,11.239,20.4,1639178635445
0.0,0.0,11.249,20.4,1639178635501
0.0,0.0,11.26,20.4,1639178636463
0.0,0.0,11.26,20.4,1639178636469
0.0,0.0,11.249,20.4,1639178636476
0.0,0.0,11.218,20.4,1639178636482
0.0,0.0,11.177,20.4,1639178636491
0.0,0.0,11.218,20.4,1639178636498
0.0,0.0,11.249,20.4,1639178636501
0.0,0.0,11.322,20.4,1639178636504
0.0,0.0,11.302,20.4,1639178636505
0.0,0.0,11.291,20.4,1639178636508
0.0,0.0,11.197,20.4,1639178636509
0.0,0.0,11.114,20.4,1639178636519
0.0,0.0,11.021,20.4,1639178636521
0.0,0.0,11.021,20.4,1639178636522
0.0,0.0,11.021,20.4,1639178636558
0.0,0.0,11.021,20.4,1639178636627
0.0,0.0,11.01,20.4,1639178636695
0.0,0.0,10.989,20.4,1639178636761
0.0,0.0,10.989,20.4,1639178636832
0.0,0.0,10.979,20.4,1639178636900
0.0,0.0,10.937,20.4,1639178636972
0.0,0.0,10.927,20.4,1639178637043
0.0,0.0,10.927,20.4,1639178637112
0.0,0.0,10.927,20.4,1639178637181
0.0,0.0,10.968,20.4,1639178637251
0.0,0.0,10.979,20.4,1639178637321
0.0,0.0,11.104,20.4,1639178637390
0.0,0.0,11.156,20.4,1639178637461
0.0,0.0,11.156,20.4,1639178637532
0.0,0.0,11.156,20.4,1639178637673
0.0,0.0,11.093,20.4,1639178637775
0.0,0.0,11.083,20.4,1639178637814
0.0,0.0,10.979,20.4,1639178637896
0.0,0.0,10.896,20.4,1639178637952
0.0,0.0,10.854,20.4,1639178638061
0.0,0.0,10.854,20.4,1639178638098
0.0,0.0,10.948,20.4,1639178638180
0.0,0.0,10.937,20.4,1639178638275
0.0,0.0,10.916,20.4,1639178638302
0.0,0.0,10.864,20.4,1639178638395
0.0,0.0,10.833,20.4,1639178638442
0.0,0.0,10.937,20.4,1639178638510
0.0,0.0,10.989,20.4,1639178638580
0.0,0.0,11.073,20.4,1639178638666
0.0,0.0,11.156,20.4,1639178638791
0.0,0.0,11.187,20.4,1639178638893
0.0,0.0,11.197,20.4,1639178638931
0.0,0.0,11.197,20.4,1639178639011
0.0,0.0,11.104,20.4,1639178639111
0.0,0.0,11.031,20.4,1639178639144
0.0,0.0,11.0,20.4,1639178639225
0.0,0.0,11.01,20.4,1639178639283
0.0,0.0,11.073,20.4,1639178639355
0.0,0.0,11.125,20.4,1639178639421
0.0,0.0,11.073,20.4,1639178639491
0.0,0.0,11.073,20.4,1639178639562
0.0,0.0,11.073,20.4,1639178639633
0.0,0.0,10.968,20.4,1639178639710
0.0,0.0,10.854,20.4,1639178639784
0.0,0.0,10.802,20.4,1639178639873
0.0,0.0,10.802,20.4,1639178639911
0.0,0.0,10.812,20.4,1639178639984
0.0,0.0,10.792,20.4,1639178640053
0.0,0.0,10.75,20.4,1639178640137
0.0,0.0,10.802,20.4,1639178640191
0.0,0.0,10.906,20.4,1639178640260
0.0,0.0,10.948,20.4,1639178640331
0.0,0.0,10.948,20.4,1639178640408
0.0,0.0,10.906,20.4,1639178640502
0.0,0.0,10.864,20.4,1639178640546
0.0,0.0,10.864,20.4,1639178640616
0.0,0.0,10.906,20.4,1639178640687
0.0,0.0,10.844,20.4,1639178640756
0.0,0.0,10.802,20.4,1639178640825
0.0,0.0,10.864,20.4,1639178640893
0.0,0.0,10.864,20.4,1639178640966
0.0,0.0,10.875,20.4,1639178641036
0.0,0.0,10.875,20.4,1639178641105
0.0,0.0,10.854,20.4,1639178641177
0.0,0.0,10.823,20.4,1639178641245
0.0,0.0,10.906,20.4,1639178641317
0.0,0.0,10.979,20.4,1639178641385
0.0,0.0,10.968,20.4,1639178641454
0.0,0.0,10.958,20.4,1639178641521
0.0,0.0,10.937,20.4,1639178641595
0.0,0.0,10.906,20.4,1639178641663
0.0,0.0,10.968,20.4,1639178641731
0.0,0.0,10.937,20.4,1639178642620
0.0,0.0,10.948,20.4,1639178642624
0.0,0.0,11.0,20.4,1639178642627
0.0,0.0,11.093,20.4,1639178642630
0.0,0.0,11.041,20.4,1639178642633
0.0,0.0,10.937,20.4,1639178642635
0.0,0.0,10.948,20.4,1639178642637
0.0,0.0,11.021,20.4,1639178642639
0.0,0.0,11.073,20.4,1639178642641
0.0,0.0,11.114,20.4,1639178642642
0.0,0.0,11.021,20.4,1639178642644
0.0,0.0,10.937,20.4,1639178642647
0.0,0.0,10.948,20.4,1639178642713
0.0,0.0,11.0,20.4,1639178642781
0.0,0.0,11.052,20.4,1639178642852
0.0,0.0,11.021,20.4,1639178642925
0.0,0.0,11.021,20.4,1639178642994
0.0,0.0,11.114,20.4,1639178643061
0.0,0.0,11.145,20.4,1639178643131
0.0,0.0,11.093,20.4,1639178643201
0.0,0.0,11.052,20.4,1639178643272
0.0,0.0,11.01,20.4,1639178643340
0.0,0.0,11.01,20.4,1639178643411
0.0,0.0,10.968,20.4,1639178643481
0.0,0.0,10.968,20.4,1639178643551
0.0,0.0,10.968,20.4,1639178643640
0.0,0.0,10.979,20.4,1639178643692
0.0,0.0,10.989,20.4,1639178643759
0.0,0.0,11.0,20.4,1639178643831
0.0,0.0,11.0,20.4,1639178644130
0.0,0.0,10.937,20.4,1639178644140
0.0,0.0,10.833,20.4,1639178644142
0.0,0.0,10.823,20.4,1639178644148
0.0,0.0,10.802,20.4,1639178644180
0.0,0.0,10.833,20.4,1639178644276
0.0,0.0,10.74,20.4,1639178644322
0.0,0.0,10.844,20.4,1639178644391
0.0,0.0,10.937,20.4,1639178644461
0.0,0.0,10.927,20.4,1639178644531
0.0,0.0,10.916,20.4,1639178644602
0.0,0.0,10.896,20.4,1639178644741
0.0,0.0,10.906,20.4,1639178644812
0.0,0.0,11.0,20.4,1639178644880
0.0,0.0,11.104,20.4,1639178644950
0.0,0.0,11.125,20.4,1639178645021
0.0,0.0,11.104,20.4,1639178645096
0.0,0.0,11.041,20.4,1639178645167
0.0,0.0,11.041,20.4,1639178645231
0.0,0.0,11.052,20.4,1639178645301
0.0,0.0,11.041,20.4,1639178645374
0.0,0.0,11.0,20.4,1639178645445
0.0,0.0,10.989,20.4,1639178645514
0.0,0.0,11.031,20.4,1639178645587
0.0,0.0,11.073,20.4,1639178645654
0.0,0.0,11.093,20.4,1639178645724
0.0,0.0,11.145,20.4,1639178645791
0.0,0.0,11.083,20.4,1639178645865
0.0,0.0,10.979,20.4,1639178645933
0.0,0.0,10.875,20.4,1639178646073
0.0,0.0,10.906,20.4,1639178646140
0.0,0.0,10.916,20.4,1639178646211
0.0,0.0,10.906,20.4,1639178646284
0.0,0.0,10.958,20.4,1639178646354
0.0,0.0,11.052,20.4,1639178646424
0.0,0.0,11.104,20.4,1639178646493
0.0,0.0,11.104,20.4,1639178646563
0.0,0.0,11.093,20.4,1639178646638
0.0,0.0,11.166,20.4,1639178646705
0.0,0.0,11.114,20.4,1639178646775
0.0,0.0,11.031,20.4,1639178646842
0.0,0.0,11.031,20.4,1639178646912
0.0,0.0,10.937,20.4,1639178646981
0.0,0.0,10.948,20.4,1639178647051
0.0,0.0,10.937,20.4,1639178647121
0.0,0.0,10.948,20.4,1639178647190
0.0,0.0,10.927,20.4,1639178647261
0.0,0.0,10.906,20.4,1639178647330
0.0,0.0,10.906,20.4,1639178647404
0.0,0.0,10.937,20.4,1639178647471
0.0,0.0,10.948,20.4,1639178647542
0.0,0.0,10.906,20.4,1639178647612
0.0,0.0,10.916,20.4,1639178647821
0.0,0.0,10.979,20.4,1639178647893
0.0,0.0,11.01,20.4,1639178647967
0.0,0.0,10.968,20.4,1639178648048
0.0,0.0,10.958,20.4,1639178648246
0.0,0.0,10.937,20.4,1639178648319
0.0,0.0,10.896,20.4,1639178648409
0.0,0.0,11.0,20.4,1639178648451
0.0,0.0,11.104,20.4,1639178648525
0.0,0.0,11.208,20.4,1639178648595
0.0,0.0,11.208,20.4,1639178648679
0.0,0.0,11.187,20.4,1639178648807
0.0,0.0,11.197,20.4,1639178648876
0.0,0.0,11.239,20.4,1639178648951
0.0,0.0,11.197,20.4,1639178649013
0.0,0.0,11.156,20.4,1639178649084
0.0,0.0,11.156,20.4,1639178649154
0.0,0.0,11.125,20.4,1639178649222
0.0,0.0,11.114,20.4,1639178649291
0.0,0.0,11.125,20.4,1639178649361
0.0,0.0,11.197,20.4,1639178649432
0.0,0.0,11.166,20.4,1639178649501
0.0,0.0,11.27,20.4,1639178649571
0.0,0.0,11.229,20.4,1639178649641
0.0,0.0,11.187,20.4,1639178649713
0.0,0.0,11.135,20.4,1639178649784
0.0,0.0,11.135,20.4,1639178649852
0.0,0.0,11.093,20.4,1639178649923
0.0,0.0,11.062,20.4,1639178649993
0.0,0.0,11.031,20.4,1639178650062
0.0,0.0,11.052,20.4,1639178650135
0.0,0.0,11.093,20.4,1639178650202
0.0,0.0,11.093,20.4,1639178650276
0.0,0.0,11.083,20.4,1639178650343
0.0,0.0,11.125,20.4,1639178650415
0.0,0.0,11.166,20.4,1639178650484
0.0,0.0,11.166,20.4,1639178650554
0.0,0.0,11.166,20.4,1639178650623
0.0,0.0,11.208,20.4,1639178650696
0.0,0.0,11.208,20.4,1639178650761
0.0,0.0,11.177,20.4,1639178650831
0.0,0.0,11.135,20.4,1639178650900
0.0,0.0,11.156,20.4,1639178650971
0.0,0.0,11.073,20.4,1639178651041
0.0,0.0,11.031,20.4,1639178651112
0.0,0.0,11.041,20.4,1639178651181
0.0,0.0,11.073,20.4,1639178651251
0.0,0.0,11.125,20.4,1639178651320
0.0,0.0,11.135,20.4,1639178651391
0.0,0.0,11.177,20.4,1639178651462
0.0,0.0,11.229,20.4,1639178651531
0.0,0.0,11.177,20.4,1639178651625
0.0,0.0,11.093,20.4,1639178651704
0.0,0.0,11.041,20.4,1639178651811
0.0,0.0,11.031,20.4,1639178651884
0.0,0.0,11.052,20.4,1639178651979
0.0,0.0,11.062,20.4,1639178652020
0.0,0.0,11.104,20.4,1639178652091
0.0,0.0,11.01,20.4,1639178652162
0.0,0.0,11.041,20.4,1639178652243
0.0,0.0,11.041,20.4,1639178652333
0.0,0.0,11.041,20.4,1639178652371
0.0,0.0,11.052,20.4,1639178652441
0.0,0.0,11.052,20.4,1639178652520
0.0,0.0,11.041,20.4,1639178652607
0.0,0.0,11.052,20.4,1639178652651
0.0,0.0,11.01,20.4,1639178652721
0.0,0.0,10.968,20.4,1639178652790
0.0,0.0,10.875,20.4,1639178652861
0.0,0.0,10.833,20.4,1639178652931
0.0,0.0,10.792,20.4,1639178653001
0.0,0.0,10.76,20.4,1639178653071
0.0,0.0,10.76,20.4,1639178653141
0.0,0.0,10.792,20.4,1639178653211
0.0,0.0,10.781,20.4,1639178653282
0.0,0.0,10.875,20.4,1639178653350
0.0,0.0,10.916,20.4,1639178653423
0.0,0.0,10.927,20.4,1639178653492
0.0,0.0,10.927,20.4,1639178653560
0.0,0.0,10.833,20.4,1639178653632
0.0,0.0,10.74,20.4,1639178653700
0.0,0.0,10.729,20.4,1639178653772
0.0,0.0,10.74,20.4,1639178653842
0.0,0.0,10.823,20.4,1639178653913
0.0,0.0,10.875,20.4,1639178653981
0.0,0.0,10.968,20.4,1639178654052
0.0,0.0,10.968,20.4,1639178654121
0.0,0.0,10.989,20.4,1639178654194
0.0,0.0,10.927,20.4,1639178654264
0.0,0.0,10.916,20.4,1639178654331
0.0,0.0,10.979,20.4,1639178654400
0.0,0.0,10.989,20.4,1639178654470
0.0,0.0,11.031,20.4,1639178654543
0.0,0.0,11.083,20.4,1639178654614
0.0,0.0,11.083,20.4,1639178654686
0.0,0.0,10.979,20.4,1639178654754
0.0,0.0,10.968,20.4,1639178654821
0.0,0.0,10.958,20.4,1639178654892
0.0,0.0,10.989,20.4,1639178654964
0.0,0.0,10.927,20.4,1639178655032
0.0,0.0,10.948,20.4,1639178655109
0.0,0.0,10.948,20.4,1639178655173
0.0,0.0,10.979,20.4,1639178655241
0.0,0.0,11.021,20.4,1639178655313
0.0,0.0,11.052,20.4,1639178655381
0.0,0.0,11.062,20.4,1639178655451
0.0,0.0,11.052,20.4,1639178655522
0.0,0.0,11.052,20.4,1639178655591
0.0,0.0,11.031,20.4,1639178655665
0.0,0.0,11.031,20.4,1639178655754
0.0,0.0,11.031,20.4,1639178655801
0.0,0.0,11.114,20.4,1639178655870
0.0,0.0,11.208,20.4,1639178655941
0.0,0.0,11.166,20.4,1639178656024
0.0,0.0,11.166,20.4,1639178656151
0.0,0.0,11.156,20.4,1639178656227
0.0,0.0,11.197,20.4,1639178656298
0.0,0.0,11.197,20.4,1639178656389
0.0,0.0,11.197,20.4,1639178656434
0.0,0.0,11.208,20.4,1639178656503
0.0,0.0,11.322,20.4,1639178656574
0.0,0.0,11.312,20.4,1639178656643
0.0,0.0,11.343,20.4,1639178656713
0.0,0.0,11.333,20.4,1639178656788
0.0,0.0,11.322,20.4,1639178656856
0.0,0.0,11.27,20.4,1639178656925
0.0,0.0,11.27,20.4,1639178656994
0.0,0.0,11.322,20.4,1639178657064
0.0,0.0,11.281,20.4,1639178657137
0.0,0.0,11.197,20.4,1639178657206
0.0,0.0,11.156,20.4,1639178657275
0.0,0.0,11.26,20.4,1639178657341
0.0,0.0,11.291,20.4,1639178657416
0.0,0.0,11.27,20.4,1639178657484
0.0,0.0,11.27,20.4,1639178657554
0.0,0.0,11.229,20.4,1639178657621
0.0,0.0,11.229,20.4,1639178657691
0.0,0.0,11.187,20.4,1639178657761
0.0,0.0,11.187,20.4,1639178657831
0.0,0.0,11.187,20.4,1639178657902
0.0,0.0,11.083,20.4,1639178657973
0.0,0.0,11.052,20.4,1639178658044
0.0,0.0,11.052,20.4,1639178658111
0.0,0.0,11.021,20.4,1639178658182
0.0,0.0,10.927,20.4,1639178658251
0.0,0.0,10.875,20.4,1639178658321
0.0,0.0,10.833,20.4,1639178658391
0.0,0.0,10.854,20.4,1639178658461
0.0,0.0,10.864,20.4,1639178658532
0.0,0.0,10.854,20.4,1639178658606
0.0,0.0,10.854,20.4,1639178658675
0.0,0.0,10.812,20.4,1639178658746
0.0,0.0,10.802,20.4,1639178658814
0.0,0.0,10.76,20.4,1639178658882
0.0,0.0,10.719,20.4,1639178658950
0.0,0.0,10.729,20.4,1639178659021
0.0,0.0,10.729,20.4,1639178659091
0.0,0.0,10.771,20.4,1639178659162
0.0,0.0,10.781,20.4,1639178659231
0.0,0.0,10.833,20.4,1639178659302
0.0,0.0,10.781,20.4,1639178659370
0.0,0.0,10.771,20.4,1639178659512
0.0,0.0,10.802,20.4,1639178659598
0.0,0.0,10.802,20.4,1639178659729
0.0,0.0,10.844,20.4,1639178659740
0.0,0.0,10.844,20.4,1639178659887
0.0,0.0,10.844,20.4,1639178659892
0.0,0.0,10.885,20.4,1639178660042
0.0,0.0,10.844,20.4,1639178660071
0.0,0.0,10.854,20.4,1639178660204
0.0,0.0,10.812,20.4,1639178660241
0.0,0.0,10.719,20.4,1639178660314
0.0,0.0,10.729,20.4,1639178660374
0.0,0.0,10.729,20.4,1639178660421
0.0,0.0,10.75,20.4,1639178660509
0.0,0.0,10.812,20.4,1639178660563
0.0,0.0,10.864,20.4,1639178660691
0.0,0.0,10.958,20.4,1639178660784
0.0,0.0,10.958,20.4,1639178660888
0.0,0.0,10.937,20.4,1639178661586
0.0,0.0,10.937,20.4,1639178661612
0.0,0.0,10.937,20.4,1639178661615
0.0,0.0,10.948,20.4,1639178661618
0.0,0.0,11.0,20.4,1639178661623
0.0,0.0,11.0,20.4,1639178661624
0.0,0.0,11.031,20.4,1639178661625
0.0,0.0,10.989,20.4,1639178661626
0.0,0.0,10.906,20.4,1639178661628
0.0,0.0,10.916,20.4,1639178661629
0.0,0.0,10.864,20.4,1639178661631
0.0,0.0,10.864,20.4,1639178661681
0.0,0.0,10.864,20.4,1639178661751
0.0,0.0,10.968,20.4,1639178661824
0.0,0.0,11.021,20.4,1639178661894
0.0,0.0,11.021,20.4,1639178661961
0.0,0.0,10.927,20.4,1639178662032
0.0,0.0,10.937,20.4,1639178662105
0.0,0.0,10.989,20.4,1639178662170
0.0,0.0,10.989,20.4,1639178662245
0.0,0.0,10.979,20.4,1639178662310
0.0,0.0,11.01,20.4,1639178662380
0.0,0.0,11.052,20.4,1639178662452
0.0,0.0,11.083,20.4,1639178662521
0.0,0.0,11.145,20.4,1639178662590
0.0,0.0,11.177,20.4,1639178662664
0.0,0.0,11.177,20.4,1639178662733
0.0,0.0,11.156,20.4,1639178662805
0.0,0.0,11.156,20.4,1639178662873
0.0,0.0,11.218,20.4,1639178662940
0.0,0.0,11.229,20.4,1639178663015
0.0,0.0,11.218,20.4,1639178663084
0.0,0.0,11.229,20.4,1639178663154
0.0,0.0,11.229,20.4,1639178663222
0.0,0.0,11.229,20.4,1639178663295
0.0,0.0,11.218,20.4,1639178663365
0.0,0.0,11.104,20.4,1639178663431
0.0,0.0,11.01,20.4,1639178663501
0.0,0.0,10.968,20.4,1639178663571
0.0,0.0,11.031,20.4,1639178663642
0.0,0.0,11.104,20.4,1639178663712
0.0,0.0,11.062,20.4,1639178663782
0.0,0.0,11.104,20.4,1639178663851
0.0,0.0,11.062,20.4,1639178663924
0.0,0.0,11.031,20.4,1639178663992
0.0,0.0,11.041,20.4,1639178664080
0.0,0.0,11.073,20.4,1639178664130
0.0,0.0,11.052,20.4,1639178664201
0.0,0.0,11.135,20.4,1639178664271
0.0,0.0,11.083,20.4,1639178664349
0.0,0.0,11.041,20.4,1639178664439
0.0,0.0,10.958,20.4,1639178664481
0.0,0.0,10.906,20.4,1639178664555
0.0,0.0,10.906,20.4,1639178664625
0.0,0.0,10.906,20.4,1639178664713
0.0,0.0,10.906,20.4,1639178664767
0.0,0.0,10.948,20.4,1639178664835
0.0,0.0,11.01,20.4,1639178664904
0.0,0.0,11.01,20.4,1639178664973
0.0,0.0,11.021,20.4,1639178665044
0.0,0.0,10.989,20.4,1639178665115
0.0,0.0,10.968,20.4,1639178665185
0.0,0.0,10.968,20.4,1639178665257
0.0,0.0,11.01,20.4,1639178665325
0.0,0.0,11.0,20.4,1639178665396
0.0,0.0,10.968,20.4,1639178665462
0.0,0.0,10.875,20.4,1639178665537
0.0,0.0,10.781,20.4,1639178665602
0.0,0.0,10.844,20.4,1639178665672
0.0,0.0,10.896,20.4,1639178665742
0.0,0.0,10.958,20.4,1639178665816
0.0,0.0,10.948,20.4,1639178665891
0.0,0.0,10.927,20.4,1639178665951
0.0,0.0,10.948,20.4,1639178666021
0.0,0.0,10.958,20.4,1639178666092
0.0,0.0,10.948,20.4,1639178666161
0.0,0.0,10.948,20.4,1639178666231
0.0,0.0,10.875,20.4,1639178666300
0.0,0.0,10.833,20.4,1639178666373
0.0,0.0,10.833,20.4,1639178666441
0.0,0.0,10.833,20.4,1639178666512
0.0,0.0,10.854,20.4,1639178666581
0.0,0.0,10.864,20.4,1639178666651
0.0,0.0,10.948,20.4,1639178666723
0.0,0.0,11.0,20.4,1639178666791
0.0,0.0,11.01,20.4,1639178666862
0.0,0.0,11.021,20.6,1639178666934
0.0,0.0,10.979,20.6,1639178667344
0.0,0.0,10.927,20.6,1639178667349
0.0,0.0,10.875,20.6,1639178667350
0.0,0.0,10.875,20.6,1639178667352
0.0,0.0,10.885,20.6,1639178667354
0.0,0.0,10.906,20.6,1639178667355
0.0,0.0,10.906,20.6,1639178667421
0.0,0.0,10.896,20.6,1639178667494
0.0,0.0,10.916,20.6,1639178667566
0.0,0.0,10.833,20.6,1639178667631
0.0,0.0,10.833,20.6,1639178667701
0.0,0.0,10.885,20.6,1639178667771
0.0,0.0,10.937,20.6,1639178667841
0.0,0.0,10.937,20.6,1639178667910
0.0,0.0,10.937,20.6,1639178667981
0.0,0.0,10.927,20.6,1639178668053
0.0,0.0,10.927,20.6,1639178668121
0.0,0.0,10.958,20.6,1639178668190
0.0,0.0,10.906,20.6,1639178668263
0.0,0.0,10.833,20.6,1639178668349
0.0,0.0,10.864,20.6,1639178668401
0.0,0.0,10.896,20.6,1639178668470
0.0,0.0,10.916,20.6,1639178668542
0.0,0.0,10.948,20.6,1639178668619
0.0,0.0,10.948,20.6,1639178668711
0.0,0.0,10.948,20.6,1639178668750
0.0,0.0,10.937,20.6,1639178668820
0.0,0.0,10.968,20.6,1639178668890
0.0,0.0,10.979,20.6,1639178668979
0.0,0.0,10.979,20.6,1639178669155
0.0,0.0,10.968,20.6,1639178669157
0.0,0.0,10.968,20.6,1639178669173
0.0,0.0,11.01,20.6,1639178669246
0.0,0.0,11.062,20.6,1639178669317
0.0,0.0,11.104,20.6,1639178669381
0.0,0.0,11.135,20.6,1639178669450
0.0,0.0,11.031,20.6,1639178669591
0.0,0.0,10.927,20.6,1639178669661
0.0,0.0,10.927,20.6,1639178669733
0.0,0.0,10.948,20.6,1639178669800
0.0,0.0,10.948,20.6,1639178669870
0.0,0.0,11.041,20.6,1639178669942
0.0,0.0,11.083,20.6,1639178670013
0.0,0.0,11.031,20.6,1639178670081
0.0,0.0,10.968,20.6,1639178670150
0.0,0.0,10.968,20.6,1639178670224
0.0,0.0,10.968,20.6,1639178670294
0.0,0.0,10.875,20.6,1639178670428
0.0,0.0,10.875,20.6,1639178670430
0.0,0.0,10.823,20.6,1639178670521
0.0,0.0,10.812,20.6,1639178670570
0.0,0.0,10.896,20.6,1639178670640
0.0,0.0,10.896,20.6,1639178670716
0.0,0.0,10.864,20.6,1639178670782
0.0,0.0,10.896,20.6,1639178670856
0.0,0.0,10.906,20.6,1639178670921
0.0,0.0,10.958,20.6,1639178670991
0.0,0.0,10.927,20.6,1639178671060
0.0,0.0,10.937,20.6,1639178671130
0.0,0.0,10.906,20.6,1639178671201
0.0,0.0,10.864,20.6,1639178671271
0.0,0.0,10.875,20.6,1639178671347
0.0,0.0,10.875,20.6,1639178671420
0.0,0.0,10.875,20.6,1639178671552
0.0,0.0,10.864,20.6,1639178671559
0.0,0.0,10.875,20.6,1639178671623
0.0,0.0,10.885,20.6,1639178671690
0.0,0.0,10.896,20.6,1639178671761
0.0,0.0,10.979,20.6,1639178671834
0.0,0.0,11.073,20.6,1639178671910
0.0,0.0,11.073,20.6,1639178672000
0.0,0.0,10.958,20.6,1639178672040
0.0,0.0,10.854,20.6,1639178672114
0.0,0.0,10.729,20.6,1639178672187
0.0,0.0,10.646,20.6,1639178672271
0.0,0.0,10.74,20.6,1639178672322
0.0,0.0,10.802,20.6,1639178672391
0.0,0.0,10.844,20.6,1639178672461
0.0,0.0,10.844,20.6,1639178672541
0.0,0.0,10.833,20.6,1639178672630
0.0,0.0,10.812,20.6,1639178672672
0.0,0.0,10.875,20.6,1639178672741
0.0,0.0,10.958,20.6,1639178672811
0.0,0.0,10.989,20.6,1639178672881
0.0,0.0,10.979,20.6,1639178672952
0.0,0.0,11.031,20.6,1639178673021
0.0,0.0,10.948,20.6,1639178673092
0.0,0.0,10.833,20.6,1639178673165
0.0,0.0,10.823,20.6,1639178673231
0.0,0.0,10.864,20.6,1639178673301
0.0,0.0,10.906,20.6,1639178673371
0.0,0.0,10.937,20.6,1639178673441
0.0,0.0,10.979,20.6,1639178673511
0.0,0.0,10.968,20.6,1639178673582
0.0,0.0,10.875,20.6,1639178673652
0.0,0.0,10.781,20.6,1639178673722
0.0,0.0,10.792,20.6,1639178673792
0.0,0.0,10.802,20.6,1639178673861
0.0,0.0,10.802,20.6,1639178673932
0.0,0.0,10.802,20.6,1639178674002
0.0,0.0,10.792,20.6,1639178674072
0.0,0.0,10.75,20.6,1639178674141
0.0,0.0,10.74,20.6,1639178674211
0.0,0.0,10.833,20.6,1639178674281
0.0,0.0,10.844,20.6,1639178674357
0.0,0.0,10.906,20.6,1639178674421
0.0,0.0,11.0,20.6,1639178674493
0.0,0.0,11.01,20.6,1639178674561
0.0,0.0,11.031,20.6,1639178674630
0.0,0.0,11.0,20.6,1639178674706
0.0,0.0,10.937,20.6,1639178674771
0.0,0.0,10.989,20.6,1639178674842
0.0,0.0,11.01,20.6,1639178674912
0.0,0.0,11.01,20.6,1639178674980
0.0,0.0,10.979,20.6,1639178675051
0.0,0.0,10.968,20.6,1639178675123
0.0,0.0,10.968,20.6,1639178675190
0.0,0.0,10.968,20.6,1639178675261
0.0,0.0,11.021,20.6,1639178675332
0.0,0.0,11.041,20.6,1639178675401
0.0,0.0,10.937,20.6,1639178675473
0.0,0.0,10.927,20.6,1639178675542
0.0,0.0,10.927,20.6,1639178675612
0.0,0.0,10.948,20.6,1639178675683
0.0,0.0,10.937,20.6,1639178675753
0.0,0.0,10.937,20.6,1639178675821
0.0,0.0,11.031,20.6,1639178675892
0.0,0.0,11.125,20.6,1639178675962
0.0,0.0,11.114,20.6,1639178676031
0.0,0.0,11.104,20.6,1639178676101
0.0,0.0,11.093,20.6,1639178676171
0.0,0.0,10.989,20.6,1639178676241
0.0,0.0,10.989,20.6,1639178676313
0.0,0.0,10.989,20.6,1639178676384
0.0,0.0,11.0,20.6,1639178676473
0.0,0.0,11.01,20.6,1639178676521
0.0,0.0,11.041,20.6,1639178676591
0.0,0.0,11.041,20.6,1639178676662
0.0,0.0,11.041,20.6,1639178676744
0.0,0.0,11.031,20.6,1639178676834
0.0,0.0,11.041,20.6,1639178676872
0.0,0.0,11.031,20.6,1639178676940
0.0,0.0,11.031,20.6,1639178677014
0.0,0.0,11.093,20.6,1639178677103
0.0,0.0,11.093,20.6,1639178677151
0.0,0.0,11.093,20.6,1639178677222
0.0,0.0,11.062,20.6,1639178677292
0.0,0.0,11.041,20.6,1639178677361
0.0,0.0,11.041,20.6,1639178677436
0.0,0.0,11.031,20.6,1639178677504
0.0,0.0,11.083,20.6,1639178677571
0.0,0.0,11.145,20.6,1639178677640
0.0,0.0,11.145,20.6,1639178677711
0.0,0.0,11.145,20.6,1639178677780
0.0,0.0,11.135,20.6,1639178677851
0.0,0.0,11.145,20.6,1639178677921
0.0,0.0,11.135,20.6,1639178677991
0.0,0.0,11.135,20.6,1639178678062
0.0,0.0,11.104,20.6,1639178678133
0.0,0.0,11.041,20.6,1639178678200
0.0,0.0,10.948,20.6,1639178678271
0.0,0.0,10.948,20.6,1639178678342
0.0,0.0,10.958,20.6,1639178678411
0.0,0.0,11.052,20.6,1639178678481
0.0,0.0,11.073,20.6,1639178678551
0.0,0.0,11.083,20.6,1639178678623
0.0,0.0,11.0,20.6,1639178678735
0.0,0.0,10.906,20.6,1639178678761
0.0,0.0,10.948,20.6,1639178678835
0.0,0.0,10.927,20.6,1639178678901
0.0,0.0,10.937,20.6,1639178678971
0.0,0.0,10.885,20.6,1639178679042
0.0,0.0,10.896,20.6,1639178679110
0.0,0.0,10.937,20.6,1639178679180
0.0,0.0,11.021,20.6,1639178679253
0.0,0.0,11.01,20.6,1639178679324
0.0,0.0,11.052,20.6,1639178679391
0.0,0.0,11.062,20.6,1639178679460
0.0,0.0,11.104,20.6,1639178679531
0.0,0.0,11.083,20.6,1639178679633
0.0,0.0,11.073,20.6,1639178679670
0.0,0.0,11.073,20.6,1639178679756
0.0,0.0,11.062,20.6,1639178679855
0.0,0.0,11.073,20.6,1639178679881
0.0,0.0,11.114,20.6,1639178679979
0.0,0.0,11.083,20.6,1639178680022
0.0,0.0,11.083,20.6,1639178680162
0.0,0.0,11.031,20.6,1639178680260
0.0,0.0,11.0,20.6,1639178680301
0.0,0.0,11.01,20.6,1639178680372
0.0,0.0,11.0,20.6,1639178680470
0.0,0.0,11.062,20.6,1639178680515
0.0,0.0,11.156,20.6,1639178680651
0.0,0.0,11.166,20.6,1639178680656
0.0,0.0,11.156,20.6,1639178680724
0.0,0.0,11.125,20.6,1639178680792
0.0,0.0,11.062,20.6,1639178680886
0.0,0.0,11.083,20.6,1639178681004
0.0,0.0,11.166,20.6,1639178681071
0.0,0.0,11.26,20.6,1639178681189
0.0,0.0,11.281,20.6,1639178681234
0.0,0.0,11.343,20.6,1639178681281
0.0,0.0,11.291,20.6,1639178681369
0.0,0.0,11.333,20.6,1639178681420
0.0,0.0,11.354,20.6,1639178681494
0.0,0.0,11.354,20.6,1639178681562
0.0,0.0,11.354,20.6,1639178681633
0.0,0.0,11.364,20.6,1639178681702
0.0,0.0,11.364,20.6,1639178681772
0.0,0.0,11.364,20.6,1639178681841
0.0,0.0,11.354,20.6,1639178681912
0.0,0.0,11.291,20.6,1639178681985
0.0,0.0,11.208,20.6,1639178682054
0.0,0.0,11.218,20.6,1639178682123
0.0,0.0,11.197,20.6,1639178682190
0.0,0.0,11.208,20.6,1639178682261
0.0,0.0,11.26,20.6,1639178682331
0.0,0.0,11.302,20.6,1639178682400
0.0,0.0,11.302,20.6,1639178682471
0.0,0.0,11.343,20.6,1639178682613
0.0,0.0,11.343,20.6,1639178682684
0.0,0.0,11.354,20.6,1639178682753
0.0,0.0,11.416,20.6,1639178682822
0.0,0.0,11.322,20.6,1639178682892
0.0,0.0,11.291,20.6,1639178682962
0.0,0.0,11.218,20.6,1639178683034
0.0,0.0,11.229,20.6,1639178683101
0.0,0.0,11.249,20.6,1639178683171
0.0,0.0,11.302,20.6,1639178683242
0.0,0.0,11.312,20.6,1639178683311
0.0,0.0,11.218,20.6,1639178683381
0.0,0.0,11.218,20.6,1639178683452
0.0,0.0,11.218,20.6,1639178683520
0.0,0.0,11.218,20.6,1639178683590
0.0,0.0,11.26,20.6,1639178683664
0.0,0.0,11.26,20.6,1639178683730
0.0,0.0,11.239,20.6,1639178683801
0.0,0.0,11.26,20.6,1639178683872
0.0,0.0,11.208,20.6,1639178683941
0.0,0.0,11.093,20.6,1639178684011
0.0,0.0,11.0,20.6,1639178684093
0.0,0.0,10.896,20.6,1639178684173
0.0,0.0,10.896,20.6,1639178684220
0.0,0.0,10.989,20.6,1639178684291
0.0,0.0,11.073,20.6,1639178684361
0.0,0.0,11.073,20.6,1639178684443
0.0,0.0,11.104,20.6,1639178684533
0.0,0.0,11.093,20.6,1639178684570
0.0,0.0,11.052,20.6,1639178684642
0.0,0.0,11.021,20.6,1639178684713
0.0,0.0,10.979,20.6,1639178684804
0.0,0.0,10.968,20.6,1639178684851
0.0,0.0,10.948,20.6,1639178684924
0.0,0.0,10.937,20.6,1639178684996
0.0,0.0,10.875,20.6,1639178685200
0.0,0.0,10.958,20.6,1639178685271
0.0,0.0,11.01,20.6,1639178685340
0.0,0.0,11.083,20.6,1639178685410
0.0,0.0,11.083,20.6,1639178685481
0.0,0.0,11.062,20.6,1639178685552
0.0,0.0,10.989,20.6,1639178685621
0.0,0.0,10.927,20.6,1639178685691
0.0,0.0,11.021,20.6,1639178685761
0.0,0.0,11.031,20.6,1639178685830
0.0,0.0,11.0,20.6,1639178685903
0.0,0.0,10.989,20.6,1639178685971
0.0,0.0,10.979,20.6,1639178686040
0.0,0.0,10.948,20.6,1639178686111
0.0,0.0,10.958,20.6,1639178686181
0.0,0.0,10.906,20.6,1639178686251
0.0,0.0,10.854,20.6,1639178686322
0.0,0.0,10.854,20.6,1639178686390
0.0,0.0,10.906,20.6,1639178686460
0.0,0.0,11.021,20.6,1639178686532
0.0,0.0,11.01,20.6,1639178686603
0.0,0.0,10.979,20.6,1639178686674
0.0,0.0,10.937,20.6,1639178686744
0.0,0.0,10.937,20.6,1639178686811
0.0,0.0,10.916,20.6,1639178686882
0.0,0.0,10.916,20.6,1639178686952
0.0,0.0,10.864,20.6,1639178687025
0.0,0.0,10.833,20.6,1639178687091
0.0,0.0,10.844,20.6,1639178687160
0.0,0.0,10.844,20.6,1639178687231
0.0,0.0,10.896,20.6,1639178687301
0.0,0.0,10.906,20.6,1639178687371
0.0,0.0,10.906,20.6,1639178687441
0.0,0.0,10.875,20.6,1639178687512
0.0,0.0,10.823,20.6,1639178687582
0.0,0.0,10.802,20.6,1639178687651
0.0,0.0,10.792,20.6,1639178687721
0.0,0.0,10.792,20.6,1639178687791
0.0,0.0,10.76,20.6,1639178687861
0.0,0.0,10.802,20.6,1639178687939
0.0,0.0,10.74,20.6,1639178688002
0.0,0.0,10.74,20.6,1639178688071
0.0,0.0,10.708,20.6,1639178688141
0.0,0.0,10.687,20.6,1639178688210
0.0,0.0,10.687,20.6,1639178688282
0.0,0.0,10.687,20.6,1639178688351
0.0,0.0,10.635,20.6,1639178688419
0.0,0.0,10.698,20.6,1639178688491
0.0,0.0,10.802,20.6,1639178688573
0.0,0.0,10.906,20.6,1639178688664
0.0,0.0,10.844,20.6,1639178688701
0.0,0.0,10.823,20.6,1639178688771
0.0,0.0,10.823,20.6,1639178688845
0.0,0.0,10.864,20.6,1639178688936
0.0,0.0,10.906,20.6,1639178688980
0.0,0.0,10.864,20.6,1639178689051
0.0,0.0,10.875,20.6,1639178689121
0.0,0.0,10.896,20.6,1639178689204
0.0,0.0,10.989,20.6,1639178689296
0.0,0.0,11.073,20.6,1639178689330
0.0,0.0,11.062,20.6,1639178689402
0.0,0.0,11.021,20.6,1639178689470
0.0,0.0,11.021,20.6,1639178689544
0.0,0.0,11.01,20.6,1639178689611
0.0,0.0,11.041,20.6,1639178689682
0.0,0.0,11.083,20.6,1639178689752
0.0,0.0,11.125,20.6,1639178689821
0.0,0.0,11.145,20.6,1639178689892
0.0,0.0,11.156,20.6,1639178689960
0.0,0.0,11.197,20.6,1639178690033
0.0,0.0,11.291,20.6,1639178690101
0.0,0.0,11.26,20.6,1639178690171
0.0,0.0,11.281,20.6,1639178690243
0.0,0.0,11.291,20.6,1639178690311
0.0,0.0,11.343,20.6,1639178690382
0.0,0.0,11.374,20.6,1639178690452
0.0,0.0,11.333,20.6,1639178690522
0.0,0.0,11.333,20.6,1639178690591
0.0,0.0,11.343,20.6,1639178690661
0.0,0.0,11.333,20.6,1639178690733
0.0,0.0,11.302,20.6,1639178690801
0.0,0.0,11.302,20.6,1639178690870
0.0,0.0,11.416,20.6,1639178690944
0.0,0.0,11.437,20.6,1639178691012
0.0,0.0,11.447,20.6,1639178691082
0.0,0.0,11.343,20.6,1639178691151
0.0,0.0,11.354,20.6,1639178691222
0.0,0.0,11.395,20.6,1639178691293
0.0,0.0,11.302,20.6,1639178691362
0.0,0.0,11.281,20.6,1639178691431
0.0,0.0,11.291,20.6,1639178691500
0.0,0.0,11.27,20.6,1639178691572
0.0,0.0,11.302,20.6,1639178691641
0.0,0.0,11.354,20.6,1639178691712
0.0,0.0,11.322,20.6,1639178691782
0.0,0.0,11.218,20.6,1639178691854
0.0,0.0,11.156,20.6,1639178691920
0.0,0.0,11.156,20.6,1639178691992
0.0,0.0,11.166,20.6,1639178692061
0.0,0.0,11.166,20.6,1639178692134
0.0,0.0,11.125,20.6,1639178692203
0.0,0.0,11.125,20.6,1639178692271
0.0,0.0,11.031,20.6,1639178692341
0.0,0.0,10.979,20.6,1639178692413
0.0,0.0,10.979,20.6,1639178692483
0.0,0.0,10.937,20.6,1639178692560
0.0,0.0,10.937,20.6,1639178692653
0.0,0.0,10.896,20.6,1639178692690
0.0,0.0,10.885,20.6,1639178692761
0.0,0.0,10.948,20.6,1639178692832
0.0,0.0,10.927,20.6,1639178692921
0.0,0.0,10.916,20.6,1639178692971
0.0,0.0,10.979,20.6,1639178693043
0.0,0.0,10.989,20.6,1639178693111
0.0,0.0,10.979,20.6,1639178693192
0.0,0.0,10.958,20.6,1639178693282
0.0,0.0,10.916,20.6,1639178693321
0.0,0.0,11.021,20.6,1639178693391
0.0,0.0,11.021,20.6,1639178693465
0.0,0.0,11.031,20.6,1639178693530
0.0,0.0,11.135,20.6,1639178693600
0.0,0.0,11.083,20.6,1639178693671
0.0,0.0,11.052,20.6,1639178693741
0.0,0.0,11.01,20.6,1639178693813
0.0,0.0,10.979,20.6,1639178693881
0.0,0.0,10.875,20.6,1639178693952
0.0,0.0,10.875,20.6,1639178694020
0.0,0.0,10.989,20.6,1639178694091
0.0,0.0,11.062,20.6,1639178694162
0.0,0.0,11.073,20.6,1639178694231
0.0,0.0,11.062,20.6,1639178694302
0.0,0.0,11.052,20.6,1639178694370
0.0,0.0,11.052,20.6,1639178694440
0.0,0.0,11.021,20.6,1639178694511
0.0,0.0,11.021,20.6,1639178694581
0.0,0.0,11.114,20.6,1639178694652
0.0,0.0,11.114,20.6,1639178694722
0.0,0.0,11.125,20.6,1639178694793
0.0,0.0,11.125,20.6,1639178694860
0.0,0.0,11.177,20.6,1639178694932
0.0,0.0,11.177,20.6,1639178695002
0.0,0.0,11.166,20.6,1639178695072
0.0,0.0,11.218,20.6,1639178695141
0.0,0.0,11.208,20.6,1639178695213
0.0,0.0,11.145,20.6,1639178695280
0.0,0.0,11.145,20.6,1639178695351
0.0,0.0,11.156,20.6,1639178695421
0.0,0.0,11.125,20.6,1639178695494
0.0,0.0,11.156,20.6,1639178695563
0.0,0.0,11.114,20.6,1639178695630
0.0,0.0,11.114,20.6,1639178695709
0.0,0.0,11.114,20.6,1639178695770
0.0,0.0,11.125,20.6,1639178695841
0.0,0.0,11.177,20.6,1639178695911
0.0,0.0,11.208,20.6,1639178695981
0.0,0.0,11.239,20.6,1639178696051
0.0,0.0,11.281,20.6,1639178696122
0.0,0.0,11.343,20.6,1639178696191
0.0,0.0,11.343,20.6,1639178696261
0.0,0.0,11.333,20.6,1639178696331
0.0,0.0,11.354,20.6,1639178696402
0.0,0.0,11.343,20.6,1639178696472
0.0,0.0,11.291,20.6,1639178696542
0.0,0.0,11.197,20.6,1639178696615
0.0,0.0,11.239,20.6,1639178696681
0.0,0.0,11.291,20.6,1639178696750
0.0,0.0,11.406,20.6,1639178696820
0.0,0.0,11.426,20.6,1639178696910
0.0,0.0,11.354,20.6,1639178696990
0.0,0.0,11.291,20.6,1639178697032
0.0,0.0,11.239,20.6,1639178697101
0.0,0.0,11.26,20.6,1639178697171
0.0,0.0,11.312,20.6,1639178697262
0.0,0.0,11.218,20.6,1639178697311
0.0,0.0,11.156,20.6,1639178697382
0.0,0.0,11.093,20.6,1639178697452
0.0,0.0,11.125,20.6,1639178697529
0.0,0.0,11.104,20.6,1639178697618
0.0,0.0,11.041,20.6,1639178697660
0.0,0.0,10.979,20.6,1639178697731
0.0,0.0,10.979,20.6,1639178697801
0.0,0.0,11.01,20.6,1639178697888
0.0,0.0,11.021,20.6,1639178697940
0.0,0.0,11.01,20.6,1639178698011
0.0,0.0,10.968,20.6,1639178698081
0.0,0.0,10.958,20.6,1639178698152
0.0,0.0,10.968,20.6,1639178698221
0.0,0.0,10.875,20.6,1639178698292
0.0,0.0,10.875,20.6,1639178698362
0.0,0.0,10.906,20.6,1639178698435
0.0,0.0,10.937,20.6,1639178698500
0.0,0.0,10.885,20.6,1639178698571
0.0,0.0,10.875,20.6,1639178698640
0.0,0.0,10.896,20.6,1639178698710
0.0,0.0,10.948,20.6,1639178698779
0.0,0.0,11.062,20.6,1639178698852
0.0,0.0,11.073,20.6,1639178698921
0.0,0.0,11.052,20.6,1639178698993
0.0,0.0,11.021,20.6,1639178699061
0.0,0.0,11.021,20.6,1639178699131
0.0,0.0,11.135,20.6,1639178699202
0.0,0.0,11.208,20.6,1639178699271
0.0,0.0,11.26,20.6,1639178699341
0.0,0.0,11.26,20.6,1639178699413
0.0,0.0,11.218,20.6,1639178699481
0.0,0.0,11.27,20.6,1639178699552
0.0,0.0,11.26,20.6,1639178699630
0.0,0.0,11.354,20.6,1639178699727
0.0,0.0,11.354,20.6,1639178699760
0.0,0.0,11.354,20.6,1639178699845
0.0,0.0,11.406,20.6,1639178699903
0.0,0.0,11.499,20.6,1639178700012
0.0,0.0,11.468,20.6,1639178700044
0.0,0.0,11.468,20.6,1639178700131
0.0,0.0,11.478,20.6,1639178700224
0.0,0.0,11.468,20.6,1639178700254
0.0,0.0,11.426,20.6,1639178700345
0.0,0.0,11.426,20.6,1639178700462
0.0,0.0,11.437,20.6,1639178700558
0.0,0.0,11.53,20.6,1639178700602
0.0,0.0,11.53,20.6,1639178700673
0.0,0.0,11.541,20.6,1639178700799
0.0,0.0,11.541,20.6,1639178700814
0.0,0.0,11.583,20.6,1639178700927
0.0,0.0,11.572,20.6,1639178700971
0.0,0.0,11.562,20.6,1639178701023
0.0,0.0,11.551,20.6,1639178701159
0.0,0.0,11.541,20.6,1639178701163
0.0,0.0,11.541,20.6,1639178701274
0.0,0.0,11.551,20.6,1639178701332
0.0,0.0,11.52,20.6,1639178701373
0.0,0.0,11.51,20.6,1639178701442
0.0,0.0,11.406,20.6,1639178701512
0.0,0.0,11.395,20.6,1639178701604
0.0,0.0,11.374,20.6,1639178701655
0.0,0.0,11.364,20.6,1639178701723
0.0,0.0,11.406,20.6,1639178701792
0.0,0.0,11.458,20.6,1639178701861
0.0,0.0,11.53,20.6,1639178701932
0.0,0.0,11.499,20.6,1639178702003
0.0,0.0,11.468,20.6,1639178702073
0.0,0.0,11.468,20.6,1639178702142
0.0,0.0,11.468,20.6,1639178702212
0.0,0.0,11.468,20.6,1639178702282
0.0,0.0,11.458,20.6,1639178702352
0.0,0.0,11.426,20.6,1639178702423
0.0,0.0,11.406,20.6,1639178702492
0.0,0.0,11.416,20.6,1639178702563
0.0,0.0,11.51,20.6,1639178702634
0.0,0.0,11.53,20.6,1639178702702
0.0,0.0,11.51,20.6,1639178702774
0.0,0.0,11.51,20.6,1639178702842
0.0,0.0,11.478,20.6,1639178702912
0.0,0.0,11.426,20.6,1639178702983
0.0,0.0,11.426,20.6,1639178703054
0.0,0.0,11.426,20.6,1639178703121
0.0,0.0,11.395,20.6,1639178703192
0.0,0.0,11.406,20.6,1639178703262
0.0,0.0,11.426,20.6,1639178703333
0.0,0.0,11.426,20.6,1639178703403
0.0,0.0,11.426,20.6,1639178703472
0.0,0.0,11.416,20.6,1639178703542
0.0,0.0,11.406,20.6,1639178703612
0.0,0.0,11.426,20.6,1639178703682
0.0,0.0,11.426,20.6,1639178703753
0.0,0.0,11.447,20.6,1639178703822
0.0,0.0,11.458,20.6,1639178703892
0.0,0.0,11.447,20.6,1639178703961
0.0,0.0,11.437,20.6,1639178704032
0.0,0.0,11.447,20.6,1639178704102
0.0,0.0,11.437,20.6,1639178704173
0.0,0.0,11.437,20.6,1639178704242
0.0,0.0,11.478,20.6,1639178704313
0.0,0.0,11.437,20.6,1639178704382
0.0,0.0,11.426,20.6,1639178704452
0.0,0.0,11.406,20.6,1639178704521
0.0,0.0,11.447,20.6,1639178704591
0.0,0.0,11.489,20.6,1639178704664
0.0,0.0,11.499,20.6,1639178704732
0.0,0.0,11.489,20.6,1639178704803
0.0,0.0,11.458,20.6,1639178704872
0.0,0.0,11.478,20.6,1639178704942
0.0,0.0,11.478,20.6,1639178705029
0.0,0.0,11.499,20.6,1639178705114
0.0,0.0,11.541,20.6,1639178705152
0.0,0.0,11.603,20.6,1639178705222
0.0,0.0,11.624,20.6,1639178705292
0.0,0.0,11.635,20.6,1639178705378
0.0,0.0,11.635,20.6,1639178705502
0.0,0.0,11.635,20.6,1639178705572
0.0,0.0,11.603,20.6,1639178705649
0.0,0.0,11.583,20.6,1639178705738
0.0,0.0,11.603,20.6,1639178705783
0.0,0.0,11.562,20.6,1639178705852
0.0,0.0,11.593,20.6,1639178705921
0.0,0.0,11.583,20.6,1639178706011
0.0,0.0,11.676,20.6,1639178706062
0.0,0.0,11.655,20.6,1639178706131
0.0,0.0,11.666,20.6,1639178706202
0.0,0.0,11.614,20.6,1639178706272
0.0,0.0,11.614,20.6,1639178706342
0.0,0.0,11.614,20.6,1639178706412
0.0,0.0,11.614,20.6,1639178706482
0.0,0.0,11.635,20.6,1639178706553
0.0,0.0,11.593,20.6,1639178706622
0.0,0.0,11.655,20.6,1639178706692
0.0,0.0,11.676,20.6,1639178706763
0.0,0.0,11.718,20.6,1639178706833
0.0,0.0,11.718,20.6,1639178706902
0.0,0.0,11.728,20.6,1639178706972
0.0,0.0,11.624,20.6,1639178707042
0.0,0.0,11.593,20.6,1639178707113
0.0,0.0,11.614,20.6,1639178707180
0.0,0.0,11.593,20.6,1639178707254
0.0,0.0,11.593,20.6,1639178707322
0.0,0.0,11.593,20.6,1639178707393
0.0,0.0,11.583,20.6,1639178707461
0.0,0.0,11.583,20.6,1639178707531
0.0,0.0,11.572,20.6,1639178707605
0.0,0.0,11.458,20.6,1639178707673
0.0,0.0,11.499,20.6,1639178707741
0.0,0.0,11.489,20.6,1639178707812
0.0,0.0,11.489,20.6,1639178707882
0.0,0.0,11.489,20.6,1639178707953
0.0,0.0,11.499,20.6,1639178708027
0.0,0.0,11.541,20.6,1639178708093
0.0,0.0,11.551,20.6,1639178708162
0.0,0.0,11.551,20.6,1639178708234
0.0,0.0,11.562,20.6,1639178708302
0.0,0.0,11.468,20.6,1639178708372
0.0,0.0,11.354,20.6,1639178708442
0.0,0.0,11.416,20.6,1639178708512
0.0,0.0,11.416,20.6,1639178708581
0.0,0.0,11.374,20.6,1639178708652
0.0,0.0,11.374,20.6,1639178708722
0.0,0.0,11.26,20.6,1639178708794
0.0,0.0,11.229,20.6,1639178708886
0.0,0.0,11.208,20.6,1639178708930
0.0,0.0,11.197,20.6,1639178709006
0.0,0.0,11.208,20.6,1639178709071
0.0,0.0,11.239,20.6,1639178709153
0.0,0.0,11.229,20.6,1639178709244
0.0,0.0,11.333,20.6,1639178709282
0.0,0.0,11.385,20.6,1639178709352
0.0,0.0,11.374,20.6,1639178709426
0.0,0.0,11.395,20.6,1639178709514
0.0,0.0,11.395,20.6,1639178709561
0.0,0.0,11.385,20.6,1639178709632
0.0,0.0,11.374,20.6,1639178709702
0.0,0.0,11.374,20.6,1639178709774
0.0,0.0,11.374,20.6,1639178709841
0.0,0.0,11.489,20.6,1639178709917
0.0,0.0,11.499,20.6,1639178709982
0.0,0.0,11.499,20.6,1639178710053
0.0,0.0,11.499,20.6,1639178710122
0.0,0.0,11.499,20.6,1639178710192
0.0,0.0,11.478,20.6,1639178710262
0.0,0.0,11.478,20.6,1639178710332
0.0,0.0,11.468,20.6,1639178710402
0.0,0.0,11.468,20.6,1639178710472
0.0,0.0,11.468,20.6,1639178710543
0.0,0.0,11.562,20.6,1639178710615
0.0,0.0,11.655,20.6,1639178710681
0.0,0.0,11.614,20.6,1639178710752
0.0,0.0,11.614,20.6,1639178710822
0.0,0.0,11.655,20.6,1639178710891
0.0,0.0,11.655,20.6,1639178710962
0.0,0.0,11.759,20.6,1639178711032
0.0,0.0,11.822,20.6,1639178711102
0.0,0.0,11.832,20.6,1639178711172
0.0,0.0,11.822,20.6,1639178711242
0.0,0.0,11.801,20.6,1639178711313
0.0,0.0,11.791,20.6,1639178711382
0.0,0.0,11.801,20.6,1639178711452
0.0,0.0,11.791,20.6,1639178711522
0.0,0.0,11.739,20.6,1639178711591
0.0,0.0,11.739,20.6,1639178711662
0.0,0.0,11.728,20.6,1639178711733
0.0,0.0,11.728,20.6,1639178711801
0.0,0.0,11.728,20.6,1639178711875
0.0,0.0,11.728,20.6,1639178711946
0.0,0.0,11.707,20.6,1639178712081
0.0,0.0,11.707,20.6,1639178712152
0.0,0.0,11.707,20.6,1639178712224
0.0,0.0,11.697,20.6,1639178712293
0.0,0.0,11.687,20.6,1639178712361
0.0,0.0,11.676,20.6,1639178712433
0.0,0.0,11.687,20.6,1639178712502
0.0,0.0,11.687,20.6,1639178712572
0.0,0.0,11.676,20.6,1639178712642
0.0,0.0,11.572,20.6,1639178712712
0.0,0.0,11.572,20.6,1639178712781
0.0,0.0,11.53,20.6,1639178712853
0.0,0.0,11.541,20.6,1639178712922
0.0,0.0,11.562,20.6,1639178712993
0.0,0.0,11.614,20.6,1639178713061
0.0,0.0,11.603,20.6,1639178713142
0.0,0.0,11.593,20.6,1639178713232
0.0,0.0,11.603,20.6,1639178713275
0.0,0.0,11.614,20.6,1639178713342
0.0,0.0,11.624,20.6,1639178713413
0.0,0.0,11.624,20.6,1639178713504
0.0,0.0,11.635,20.6,1639178713554
0.0,0.0,11.635,20.6,1639178713622
0.0,0.0,11.624,20.6,1639178713692
0.0,0.0,11.614,20.6,1639178713772
0.0,0.0,11.635,20.6,1639178713862
0.0,0.0,11.666,20.6,1639178713902
0.0,0.0,11.666,20.6,1639178713972
0.0,0.0,11.624,20.6,1639178714041
0.0,0.0,11.635,20.6,1639178714113
0.0,0.0,11.624,20.6,1639178714182
0.0,0.0,11.53,20.6,1639178714252
0.0,0.0,11.53,20.6,1639178714321
0.0,0.0,11.53,20.6,1639178714392
0.0,0.0,11.52,20.6,1639178714462
0.0,0.0,11.52,20.6,1639178714532
0.0,0.0,11.53,20.6,1639178714602
0.0,0.0,11.499,20.6,1639178714673
0.0,0.0,11.489,20.6,1639178714743
0.0,0.0,11.406,20.6,1639178714813
0.0,0.0,11.374,20.6,1639178714882
0.0,0.0,11.426,20.6,1639178714959
0.0,0.0,11.437,20.6,1639178715021
0.0,0.0,11.489,20.6,1639178715092
0.0,0.0,11.51,20.6,1639178715164
0.0,0.0,11.489,20.6,1639178715233
0.0,0.0,11.489,20.6,1639178715301
0.0,0.0,11.499,20.6,1639178715372
0.0,0.0,11.52,20.6,1639178715442
0.0,0.0,11.51,20.6,1639178715511
0.0,0.0,11.468,20.6,1639178715581
0.0,0.0,11.458,20.6,1639178715652
0.0,0.0,11.447,20.6,1639178715725
0.0,0.0,11.447,20.6,1639178715792
0.0,0.0,11.437,20.6,1639178715862
0.0,0.0,11.458,20.6,1639178715933
0.0,0.0,11.447,20.6,1639178716001
0.0,0.0,11.447,20.6,1639178716071
0.0,0.0,11.458,20.6,1639178716141
0.0,0.0,11.364,20.6,1639178716212
0.0,0.0,11.364,20.6,1639178716422
0.0,0.0,11.364,20.6,1639178716495
0.0,0.0,11.385,20.6,1639178716563
0.0,0.0,11.478,20.6,1639178716632
0.0,0.0,11.489,20.6,1639178716701
0.0,0.0,11.478,20.6,1639178716772
0.0,0.0,11.489,20.6,1639178716842
0.0,0.0,11.478,20.6,1639178716912
0.0,0.0,11.489,20.6,1639178716981
0.0,0.0,11.478,20.6,1639178717053
0.0,0.0,11.395,20.6,1639178717122
0.0,0.0,11.489,20.6,1639178717194
0.0,0.0,11.53,20.6,1639178717262
0.0,0.0,11.53,20.6,1639178717332
0.0,0.0,11.499,20.6,1639178717402
0.0,0.0,11.447,20.6,1639178717474
0.0,0.0,11.426,20.6,1639178717562
0.0,0.0,11.426,20.6,1639178717612
0.0,0.0,11.416,20.6,1639178717682
0.0,0.0,11.416,20.6,1639178717751
0.0,0.0,11.426,20.6,1639178717830
0.0,0.0,11.437,20.6,1639178717921
0.0,0.0,11.426,20.6,1639178717963
0.0,0.0,11.385,20.6,1639178718031
0.0,0.0,11.385,20.6,1639178718105
0.0,0.0,11.385,20.6,1639178718189
0.0,0.0,11.406,20.6,1639178718241
0.0,0.0,11.406,20.6,1639178718312
0.0,0.0,11.406,20.6,1639178718381
0.0,0.0,11.343,20.6,1639178718453
0.0,0.0,11.354,20.6,1639178718521
0.0,0.0,11.437,20.6,1639178718592
0.0,0.0,11.426,20.6,1639178718661
0.0,0.0,11.416,20.6,1639178718731
0.0,0.0,11.395,20.6,1639178718802
0.0,0.0,11.395,20.6,1639178718872
0.0,0.0,11.395,20.6,1639178718941
0.0,0.0,11.385,20.6,1639178719012
0.0,0.0,11.385,20.6,1639178719084
0.0,0.0,11.385,20.6,1639178719152
0.0,0.0,11.374,20.6,1639178719221
0.0,0.0,11.426,20.6,1639178719292
0.0,0.0,11.51,20.6,1639178719362
0.0,0.0,11.468,20.6,1639178719433
0.0,0.0,11.458,20.6,1639178719505
0.0,0.0,11.52,20.6,1639178719572
0.0,0.0,11.551,20.6,1639178719669
0.0,0.0,11.593,20.6,1639178719715
0.0,0.0,11.583,20.6,1639178719795
0.0,0.0,11.583,20.6,1639178719892
0.0,0.0,11.593,20.6,1639178719924
0.0,0.0,11.583,20.6,1639178720015
0.0,0.0,11.562,20.6,1639178720109
0.0,0.0,11.562,20.6,1639178720132
0.0,0.0,11.572,20.6,1639178720219
0.0,0.0,11.593,20.6,1639178720272
0.0,0.0,11.593,20.6,1639178720383
0.0,0.0,11.593,20.6,1639178720412
0.0,0.0,11.583,20.6,1639178720505
0.0,0.0,11.52,20.6,1639178720599
0.0,0.0,11.426,20.6,1639178720623
0.0,0.0,11.458,20.6,1639178720721
0.0,0.0,11.447,20.6,1639178720761
0.0,0.0,11.458,20.6,1639178720834
0.0,0.0,11.51,20.6,1639178720902
0.0,0.0,11.53,20.6,1639178721001
0.0,0.0,11.541,20.6,1639178721042
0.0,0.0,11.541,20.6,1639178721148
0.0,0.0,11.551,20.6,1639178721183
0.0,0.0,11.53,20.6,1639178721253
0.0,0.0,11.52,20.6,1639178721326
0.0,0.0,11.52,20.6,1639178721393
0.0,0.0,11.51,20.6,1639178721465
0.0,0.0,11.499,20.6,1639178721555
0.0,0.0,11.499,20.6,1639178721605
0.0,0.0,11.541,20.6,1639178721672
0.0,0.0,11.551,20.6,1639178721741
0.0,0.0,11.52,20.6,1639178721821
0.0,0.0,11.51,20.6,1639178721909
0.0,0.0,11.478,20.6,1639178721952
0.0,0.0,11.499,20.6,1639178722023
0.0,0.0,11.51,20.6,1639178722091
0.0,0.0,11.468,20.6,1639178722178
0.0,0.0,11.364,20.6,1639178722232
0.0,0.0,11.322,20.6,1639178722301
0.0,0.0,11.218,20.6,1639178722372
0.0,0.0,11.156,20.6,1639178722445
0.0,0.0,11.177,20.6,1639178722513
0.0,0.0,11.187,20.6,1639178722582
0.0,0.0,11.218,20.6,1639178722650
0.0,0.0,11.218,20.6,1639178722721
0.0,0.0,11.27,20.6,1639178722790
0.0,0.0,11.364,20.6,1639178722861
0.0,0.0,11.364,20.6,1639178722932
0.0,0.0,11.374,20.6,1639178723002
0.0,0.0,11.333,20.6,1639178723072
0.0,0.0,11.27,20.6,1639178723142
0.0,0.0,11.26,20.6,1639178723212
0.0,0.0,11.281,20.6,1639178723281
0.0,0.0,11.281,20.6,1639178723351
0.0,0.0,11.291,20.6,1639178723422
0.0,0.0,11.322,20.6,1639178723490
0.0,0.0,11.343,20.6,1639178723561
0.0,0.0,11.343,20.6,1639178723633
0.0,0.0,11.27,20.6,1639178723702
0.0,0.0,11.229,20.6,1639178723770
0.0,0.0,11.135,20.6,1639178723840
0.0,0.0,11.125,20.6,1639178723910
0.0,0.0,11.125,20.6,1639178723983
0.0,0.0,11.135,20.6,1639178724052
0.0,0.0,11.114,20.6,1639178724122
0.0,0.0,11.145,20.6,1639178724192
0.0,0.0,11.135,20.6,1639178724260
0.0,0.0,11.083,20.6,1639178724332
0.0,0.0,11.135,20.6,1639178724401
0.0,0.0,11.135,20.6,1639178724471
0.0,0.0,11.145,20.6,1639178724540
0.0,0.0,11.249,20.6,1639178724613
0.0,0.0,11.343,20.6,1639178724680
0.0,0.0,11.364,20.6,1639178724753
0.0,0.0,11.354,20.6,1639178724821
0.0,0.0,11.343,20.6,1639178724893
0.0,0.0,11.333,20.6,1639178724962
0.0,0.0,11.322,20.6,1639178725050
0.0,0.0,11.312,20.6,1639178725129
0.0,0.0,11.27,20.6,1639178725170
0.0,0.0,11.166,20.6,1639178725241
0.0,0.0,11.104,20.6,1639178725311
0.0,0.0,11.156,20.6,1639178725400
0.0,0.0,11.156,20.6,1639178725450
0.0,0.0,11.166,20.6,1639178725520
0.0,0.0,11.166,20.6,1639178725590
0.0,0.0,11.145,20.6,1639178725669
0.0,0.0,11.156,20.6,1639178725758
0.0,0.0,11.166,20.6,1639178725800
0.0,0.0,11.187,20.6,1639178725871
0.0,0.0,11.239,20.6,1639178725940
0.0,0.0,11.197,20.6,1639178726029
0.0,0.0,11.302,20.6,1639178726082
0.0,0.0,11.322,20.6,1639178726150
0.0,0.0,11.333,20.6,1639178726221
0.0,0.0,11.354,20.6,1639178726292
0.0,0.0,11.385,20.6,1639178726362
0.0,0.0,11.385,20.6,1639178726432
0.0,0.0,11.343,20.6,1639178726511
0.0,0.0,11.385,20.6,1639178726573
0.0,0.0,11.374,20.6,1639178726642
0.0,0.0,11.458,20.6,1639178726713
0.0,0.0,11.489,20.6,1639178726783
0.0,0.0,11.499,20.6,1639178726851
0.0,0.0,11.51,20.6,1639178726925
0.0,0.0,11.499,20.6,1639178726995
0.0,0.0,11.395,20.6,1639178727062
0.0,0.0,11.302,20.6,1639178727132
0.0,0.0,11.291,20.6,1639178727200
0.0,0.0,11.302,20.6,1639178727270
0.0,0.0,11.312,20.6,1639178727340
0.0,0.0,11.364,20.6,1639178727412
0.0,0.0,11.468,20.6,1639178727482
0.0,0.0,11.551,20.6,1639178727554
0.0,0.0,11.51,20.6,1639178727623
0.0,0.0,11.437,20.6,1639178727692
0.0,0.0,11.322,20.6,1639178727762
0.0,0.0,11.333,20.6,1639178727832
0.0,0.0,11.343,20.6,1639178727906
0.0,0.0,11.343,20.6,1639178727972
0.0,0.0,11.229,20.6,1639178728042
0.0,0.0,11.166,20.6,1639178728115
0.0,0.0,11.197,20.6,1639178728181
0.0,0.0,11.291,20.6,1639178728251
0.0,0.0,11.249,20.6,1639178728322
0.0,0.0,11.218,20.6,1639178728390
0.0,0.0,11.156,20.6,1639178728460
0.0,0.0,11.125,20.6,1639178728530
0.0,0.0,11.114,20.6,1639178728602
0.0,0.0,11.135,20.6,1639178728670
0.0,0.0,11.156,20.6,1639178728742
0.0,0.0,11.166,20.6,1639178728810
0.0,0.0,11.156,20.6,1639178728881
0.0,0.0,11.145,20.6,1639178728950
0.0,0.0,11.145,20.6,1639178729020
0.0,0.0,11.135,20.6,1639178729090
0.0,0.0,11.114,20.6,1639178729161
0.0,0.0,11.114,20.6,1639178729230
0.0,0.0,11.197,20.6,1639178729301
0.0,0.0,11.291,20.6,1639178729396
0.0,0.0,11.281,20.6,1639178729477
0.0,0.0,11.239,20.6,1639178729512
0.0,0.0,11.229,20.6,1639178729581
0.0,0.0,11.218,20.6,1639178729654
0.0,0.0,11.208,20.6,1639178729745
0.0,0.0,11.229,20.6,1639178729792
0.0,0.0,11.26,20.6,1639178729860
0.0,0.0,11.302,20.6,1639178729930
0.0,0.0,11.395,20.6,1639178730019
0.0,0.0,11.374,20.6,1639178730105
0.0,0.0,11.364,20.6,1639178730143
0.0,0.0,11.364,20.6,1639178730212
0.0,0.0,11.478,20.6,1639178730283
0.0,0.0,11.51,20.6,1639178730374
0.0,0.0,11.51,20.6,1639178730421
0.0,0.0,11.406,20.6,1639178730492
0.0,0.0,11.447,20.6,1639178730563
0.0,0.0,11.468,20.6,1639178730633
0.0,0.0,11.52,20.6,1639178730702
0.0,0.0,11.551,20.6,1639178730771
0.0,0.0,11.562,20.6,1639178730842
0.0,0.0,11.541,20.6,1639178730914
0.0,0.0,11.572,20.6,1639178730981
0.0,0.0,11.562,20.6,1639178731053
0.0,0.0,11.53,20.6,1639178731123
0.0,0.0,11.541,20.6,1639178731192
0.0,0.0,11.541,20.6,1639178731262
0.0,0.0,11.541,20.6,1639178731331
0.0,0.0,11.551,20.6,1639178731402
0.0,0.0,11.551,20.6,1639178731474
0.0,0.0,11.551,20.6,1639178731543
0.0,0.0,11.52,20.6,1639178731612
0.0,0.0,11.52,20.6,1639178731681
0.0,0.0,11.562,20.6,1639178731752
0.0,0.0,11.583,20.6,1639178731822
0.0,0.0,11.603,20.6,1639178731893
0.0,0.0,11.603,20.6,1639178731961
0.0,0.0,11.603,20.6,1639178732032
0.0,0.0,11.603,20.6,1639178732102
0.0,0.0,11.614,20.6,1639178732172
0.0,0.0,11.624,20.6,1639178732242
0.0,0.0,11.624,20.6,1639178732313
0.0,0.0,11.624,20.6,1639178732381
0.0,0.0,11.603,20.6,1639178732452
0.0,0.0,11.489,20.6,1639178732524
0.0,0.0,11.489,20.6,1639178732593
0.0,0.0,11.489,20.6,1639178732663
0.0,0.0,11.583,20.6,1639178732734
0.0,0.0,11.572,20.6,1639178732806
0.0,0.0,11.562,20.6,1639178732872
0.0,0.0,11.572,20.6,1639178732957
0.0,0.0,11.562,20.6,1639178733012
0.0,0.0,11.551,20.6,1639178733082
0.0,0.0,11.541,20.6,1639178733151
0.0,0.0,11.52,20.6,1639178733223
0.0,0.0,11.53,20.6,1639178733291
0.0,0.0,11.572,20.6,1639178733361
0.0,0.0,11.572,20.6,1639178733431
0.0,0.0,11.583,20.6,1639178733501
0.0,0.0,11.53,20.6,1639178733571
0.0,0.0,11.489,20.6,1639178733640
0.0,0.0,11.489,20.6,1639178733711
0.0,0.0,11.499,20.6,1639178733780
0.0,0.0,11.551,20.6,1639178733860
0.0,0.0,11.562,20.6,1639178733949
0.0,0.0,11.562,20.6,1639178733992
0.0,0.0,11.541,20.6,1639178734062
0.0,0.0,11.437,20.6,1639178734131
0.0,0.0,11.447,20.6,1639178734218
0.0,0.0,11.447,20.6,1639178734272
0.0,0.0,11.458,20.6,1639178734341
0.0,0.0,11.458,20.6,1639178734412
0.0,0.0,11.458,20.6,1639178734487
0.0,0.0,11.468,20.6,1639178734577
0.0,0.0,11.458,20.6,1639178734623
0.0,0.0,11.437,20.6,1639178734692
0.0,0.0,11.53,20.6,1639178734763
0.0,0.0,11.541,20.6,1639178734832
0.0,0.0,11.551,20.6,1639178734901
0.0,0.0,11.551,20.6,1639178734971
0.0,0.0,11.551,20.6,1639178735042
0.0,0.0,11.551,20.6,1639178735113
0.0,0.0,11.562,20.6,1639178735182
0.0,0.0,11.551,20.6,1639178735253
0.0,0.0,11.562,20.6,1639178735322
0.0,0.0,11.562,20.6,1639178735393
0.0,0.0,11.53,20.6,1639178735461
0.0,0.0,11.489,20.6,1639178735532
0.0,0.0,11.489,20.6,1639178735604
0.0,0.0,11.489,20.6,1639178735671
0.0,0.0,11.447,20.6,1639178735742
0.0,0.0,11.468,20.6,1639178735812
0.0,0.0,11.51,20.6,1639178735881
0.0,0.0,11.51,20.6,1639178735954
0.0,0.0,11.51,20.6,1639178736021
0.0,0.0,11.426,20.6,1639178736092
0.0,0.0,11.426,20.6,1639178736162
0.0,0.0,11.437,20.6,1639178736231
0.0,0.0,11.437,20.6,1639178736302
0.0,0.0,11.499,20.6,1639178736373
0.0,0.0,11.51,20.6,1639178736442
0.0,0.0,11.499,20.6,1639178736511
0.0,0.0,11.499,20.6,1639178736581
0.0,0.0,11.499,20.6,1639178736653
0.0,0.0,11.499,20.6,1639178736723
0.0,0.0,11.51,20.6,1639178736791
0.0,0.0,11.51,20.6,1639178736861
0.0,0.0,11.562,20.6,1639178736931
0.0,0.0,11.499,20.6,1639178737002
0.0,0.0,11.447,20.6,1639178737072
0.0,0.0,11.447,20.6,1639178737143
0.0,0.0,11.447,20.6,1639178737212
0.0,0.0,11.458,20.6,1639178737281
0.0,0.0,11.458,20.6,1639178737353
0.0,0.0,11.354,20.6,1639178737422
0.0,0.0,11.354,20.6,1639178737493
0.0,0.0,11.343,20.6,1639178737562
0.0,0.0,11.354,20.6,1639178737650
0.0,0.0,11.333,20.6,1639178737701
0.0,0.0,11.364,20.6,1639178737769
0.0,0.0,11.385,20.6,1639178737841
0.0,0.0,11.374,20.6,1639178737920
0.0,0.0,11.364,20.6,1639178738010
0.0,0.0,11.385,20.6,1639178738050
0.0,0.0,11.343,20.6,1639178738120
0.0,0.0,11.343,20.6,1639178738191
0.0,0.0,11.343,20.6,1639178738281
0.0,0.0,11.385,20.6,1639178738330
0.0,0.0,11.374,20.6,1639178738402
0.0,0.0,11.364,20.6,1639178738470
0.0,0.0,11.322,20.6,1639178738540
0.0,0.0,11.354,20.6,1639178738610
0.0,0.0,11.354,20.6,1639178738680
0.0,0.0,11.374,20.6,1639178738750
0.0,0.0,11.374,20.6,1639178738820
0.0,0.0,11.333,20.6,1639178738891
0.0,0.0,11.281,20.6,1639178738963
0.0,0.0,11.291,20.6,1639178739030
0.0,0.0,11.291,20.6,1639178739100
0.0,0.0,11.302,20.6,1639178739171
0.0,0.0,11.374,20.6,1639178739243
0.0,0.0,11.437,20.6,1639178739311
0.0,0.0,11.437,20.6,1639178739382
0.0,0.0,11.447,20.6,1639178739452
0.0,0.0,11.426,20.6,1639178739522
0.0,0.0,11.416,20.6,1639178739592
0.0,0.0,11.51,20.6,1639178739678
0.0,0.0,11.51,20.6,1639178739731
0.0,0.0,11.51,20.6,1639178739843
0.0,0.0,11.51,20.6,1639178739871
0.0,0.0,11.562,20.6,1639178739967
0.0,0.0,11.52,20.6,1639178740080
0.0,0.0,11.51,20.6,1639178740160
0.0,0.0,11.52,20.6,1639178740255
0.0,0.0,11.52,20.6,1639178740291
0.0,0.0,11.52,20.6,1639178740375
0.0,0.0,11.562,20.6,1639178740473
0.0,0.0,11.583,20.6,1639178740501
0.0,0.0,11.603,20.6,1639178740593
0.0,0.0,11.635,20.6,1639178740689
0.0,0.0,11.635,20.6,1639178740719
0.0,0.0,11.624,20.6,1639178740802
0.0,0.0,11.666,20.6,1639178740852
0.0,0.0,11.676,20.6,1639178740964
0.0,0.0,11.645,20.6,1639178740991
0.0,0.0,11.635,20.6,1639178741090
0.0,0.0,11.593,20.6,1639178741132
0.0,0.0,11.635,20.6,1639178741201
0.0,0.0,11.676,20.6,1639178741271
0.0,0.0,11.655,20.6,1639178741342
0.0,0.0,11.666,20.6,1639178741412
0.0,0.0,11.666,20.6,1639178741483
0.0,0.0,11.645,20.6,1639178741552
0.0,0.0,11.645,20.6,1639178741622
0.0,0.0,11.624,20.6,1639178741692
0.0,0.0,11.614,20.6,1639178741786
0.0,0.0,11.624,20.6,1639178741835
0.0,0.0,11.624,20.6,1639178741901
0.0,0.0,11.624,20.6,1639178741971
0.0,0.0,11.624,20.6,1639178742050
0.0,0.0,11.645,20.6,1639178742140
0.0,0.0,11.635,20.6,1639178742181
0.0,0.0,11.53,20.6,1639178742251
0.0,0.0,11.541,20.6,1639178742322
0.0,0.0,11.541,20.6,1639178742411
0.0,0.0,11.562,20.6,1639178742461
0.0,0.0,11.603,20.6,1639178742533
0.0,0.0,11.562,20.6,1639178742604
0.0,0.0,11.562,20.6,1639178742682
0.0,0.0,11.541,20.6,1639178742768
0.0,0.0,11.53,20.6,1639178742811
0.0,0.0,11.52,20.6,1639178742881
0.0,0.0,11.52,20.6,1639178742954
0.0,0.0,11.53,20.6,1639178743021
0.0,0.0,11.52,20.6,1639178743094
0.0,0.0,11.51,20.6,1639178743161
0.0,0.0,11.51,20.6,1639178743232
0.0,0.0,11.53,20.6,1639178743304
0.0,0.0,11.572,20.6,1639178743373
0.0,0.0,11.562,20.6,1639178743442
0.0,0.0,11.52,20.6,1639178743512
0.0,0.0,11.478,20.6,1639178743582
0.0,0.0,11.437,20.6,1639178743651
0.0,0.0,11.426,20.6,1639178743725
0.0,0.0,11.426,20.6,1639178743794
0.0,0.0,11.426,20.6,1639178743861
0.0,0.0,11.437,20.6,1639178743933
0.0,0.0,11.447,20.6,1639178744002
0.0,0.0,11.437,20.6,1639178744073
0.0,0.0,11.447,20.6,1639178744141
0.0,0.0,11.447,20.6,1639178744212
0.0,0.0,11.437,20.6,1639178744282
0.0,0.0,11.426,20.6,1639178744351
0.0,0.0,11.447,20.6,1639178744421
0.0,0.0,11.562,20.6,1639178744491
0.0,0.0,11.583,20.6,1639178744562
0.0,0.0,11.583,20.6,1639178744633
0.0,0.0,11.562,20.6,1639178744701
0.0,0.0,11.551,20.6,1639178744775
0.0,0.0,11.583,20.6,1639178744843
0.0,0.0,11.583,20.6,1639178744910
0.0,0.0,11.572,20.6,1639178744982
0.0,0.0,11.562,20.6,1639178745054
0.0,0.0,11.52,20.6,1639178745123
0.0,0.0,11.52,20.6,1639178745192
0.0,0.0,11.51,20.6,1639178745262
0.0,0.0,11.53,20.6,1639178745332
0.0,0.0,11.541,20.6,1639178745401
0.0,0.0,11.541,20.6,1639178745474
0.0,0.0,11.52,20.6,1639178745541
0.0,0.0,11.52,20.6,1639178745635
0.0,0.0,11.52,20.6,1639178745684
0.0,0.0,11.562,20.6,1639178745751
0.0,0.0,11.614,20.6,1639178745820
0.0,0.0,11.655,20.6,1639178745893
0.0,0.0,11.614,20.6,1639178745984
0.0,0.0,11.614,20.6,1639178746032
0.0,0.0,11.603,20.6,1639178746103
0.0,0.0,11.603,20.6,1639178746172
0.0,0.0,11.562,20.6,1639178746252
0.0,0.0,11.572,20.6,1639178746343
0.0,0.0,11.551,20.6,1639178746380
0.0,0.0,11.551,20.6,1639178746455
0.0,0.0,11.551,20.6,1639178746524
0.0,0.0,11.551,20.6,1639178746615
0.0,0.0,11.53,20.6,1639178746664
0.0,0.0,11.478,20.6,1639178746731
0.0,0.0,11.478,20.6,1639178746801
0.0,0.0,11.478,20.6,1639178746872
0.0,0.0,11.499,20.6,1639178746942
0.0,0.0,11.51,20.6,1639178747011
0.0,0.0,11.52,20.6,1639178747081
0.0,0.0,11.468,20.6,1639178747152
0.0,0.0,11.437,20.6,1639178747221
0.0,0.0,11.343,20.6,1639178747294
0.0,0.0,11.395,20.6,1639178747364
0.0,0.0,11.406,20.6,1639178747433
0.0,0.0,11.395,20.6,1639178747502
0.0,0.0,11.395,20.6,1639178747572
0.0,0.0,11.406,20.6,1639178747642
0.0,0.0,11.426,20.6,1639178747713
0.0,0.0,11.437,20.6,1639178747781
0.0,0.0,11.437,20.6,1639178747852
0.0,0.0,11.437,20.6,1639178747921
0.0,0.0,11.437,20.6,1639178747995
0.0,0.0,11.416,20.6,1639178748063
0.0,0.0,11.437,20.6,1639178748132
0.0,0.0,11.478,20.6,1639178748200
0.0,0.0,11.395,20.6,1639178748272
0.0,0.0,11.395,20.6,1639178748341
0.0,0.0,11.395,20.6,1639178748413
0.0,0.0,11.437,20.6,1639178748482
0.0,0.0,11.458,20.6,1639178748553
0.0,0.0,11.478,20.6,1639178748621
0.0,0.0,11.478,20.6,1639178748691
0.0,0.0,11.489,20.6,1639178748761
0.0,0.0,11.478,20.6,1639178748832
0.0,0.0,11.478,20.6,1639178748901
0.0,0.0,11.53,20.6,1639178748972
0.0,0.0,11.53,20.6,1639178749041
0.0,0.0,11.541,20.6,1639178749111
0.0,0.0,11.53,20.6,1639178749182
0.0,0.0,11.52,20.6,1639178749253
0.0,0.0,11.541,20.6,1639178749322
0.0,0.0,11.603,20.6,1639178749393
0.0,0.0,11.614,20.6,1639178749461
0.0,0.0,11.707,20.6,1639178749531
0.0,0.0,11.666,20.6,1639178749611
0.0,0.0,11.666,20.6,1639178749692
0.0,0.0,11.666,20.6,1639178749740
0.0,0.0,11.676,20.6,1639178749811
0.0,0.0,11.676,20.6,1639178749881
0.0,0.0,11.655,20.6,1639178749960
0.0,0.0,11.635,20.6,1639178750049
0.0,0.0,11.614,20.6,1639178750091
0.0,0.0,11.635,20.6,1639178750162
0.0,0.0,11.655,20.6,1639178750233
0.0,0.0,11.676,20.6,1639178750319
0.0,0.0,11.655,20.6,1639178750375
0.0,0.0,11.676,20.6,1639178750441
0.0,0.0,11.759,20.6,1639178750512
0.0,0.0,11.759,20.6,1639178750590
0.0,0.0,11.759,20.6,1639178750652
0.0,0.0,11.759,20.6,1639178750721
0.0,0.0,11.77,20.6,1639178750792
0.0,0.0,11.749,20.6,1639178750861
0.0,0.0,11.759,20.6,1639178750934
0.0,0.0,11.749,20.6,1639178751005
0.0,0.0,11.666,20.6,1639178751071
0.0,0.0,11.655,20.6,1639178751142
0.0,0.0,11.624,20.6,1639178751211
0.0,0.0,11.624,20.6,1639178751283
0.0,0.0,11.624,20.6,1639178751351
0.0,0.0,11.614,20.6,1639178751421
0.0,0.0,11.603,20.6,1639178751491
0.0,0.0,11.583,20.6,1639178751561
0.0,0.0,11.614,20.6,1639178751631
0.0,0.0,11.645,20.6,1639178751701
0.0,0.0,11.645,20.6,1639178751772
0.0,0.0,11.645,20.6,1639178751843
0.0,0.0,11.614,20.6,1639178751912
0.0,0.0,11.624,20.6,1639178751982
0.0,0.0,11.603,20.6,1639178752053
0.0,0.0,11.593,20.6,1639178752121
0.0,0.0,11.593,20.6,1639178752191
0.0,0.0,11.603,20.6,1639178752261
0.0,0.0,11.635,20.6,1639178752332
0.0,0.0,11.635,20.6,1639178752402
0.0,0.0,11.614,20.6,1639178752472
0.0,0.0,11.593,20.6,1639178752541
0.0,0.0,11.541,20.6,1639178752612
0.0,0.0,11.447,20.6,1639178752683
0.0,0.0,11.385,20.6,1639178752750
0.0,0.0,11.385,20.6,1639178752821
0.0,0.0,11.416,20.6,1639178752891
0.0,0.0,11.426,20.6,1639178752961
0.0,0.0,11.426,20.6,1639178753034
0.0,0.0,11.426,20.6,1639178753102
0.0,0.0,11.426,20.6,1639178753174
0.0,0.0,11.395,20.6,1639178753241
0.0,0.0,11.458,20.6,1639178753314
0.0,0.0,11.478,20.6,1639178753383
0.0,0.0,11.51,20.6,1639178753452
0.0,0.0,11.52,20.6,1639178753522
0.0,0.0,11.52,20.6,1639178753593
0.0,0.0,11.541,20.6,1639178753661
0.0,0.0,11.583,20.6,1639178753731
0.0,0.0,11.593,20.6,1639178753801
0.0,0.0,11.572,20.6,1639178753873
0.0,0.0,11.541,20.6,1639178753941
0.0,0.0,11.499,20.6,1639178754014
0.0,0.0,11.499,20.6,1639178754103
0.0,0.0,11.468,20.6,1639178754151
0.0,0.0,11.437,20.6,1639178754222
0.0,0.0,11.447,20.6,1639178754293
0.0,0.0,11.437,20.6,1639178754374
0.0,0.0,11.426,20.6,1639178754466
0.0,0.0,11.426,20.6,1639178754506
0.0,0.0,11.437,20.6,1639178754572
0.0,0.0,11.416,20.6,1639178754645
0.0,0.0,11.426,20.6,1639178754734
0.0,0.0,11.426,20.6,1639178754781
0.0,0.0,11.437,20.6,1639178754851
0.0,0.0,11.52,20.6,1639178754923
0.0,0.0,11.593,20.6,1639178754992
0.0,0.0,11.593,20.6,1639178755062
0.0,0.0,11.572,20.6,1639178755133
0.0,0.0,11.562,20.6,1639178755201
0.0,0.0,11.551,20.6,1639178755271
0.0,0.0,11.551,20.6,1639178755341
0.0,0.0,11.551,20.6,1639178755412
0.0,0.0,11.603,20.6,1639178755481
0.0,0.0,11.645,20.6,1639178755552
0.0,0.0,11.645,20.6,1639178755624
0.0,0.0,11.655,20.6,1639178755691
0.0,0.0,11.655,20.6,1639178755763
0.0,0.0,11.666,20.6,1639178755833
0.0,0.0,11.655,20.6,1639178755901
0.0,0.0,11.593,20.6,1639178755973
0.0,0.0,11.583,20.6,1639178756042
0.0,0.0,11.572,20.6,1639178756112
0.0,0.0,11.572,20.6,1639178756181
0.0,0.0,11.603,20.6,1639178756252
0.0,0.0,11.635,20.6,1639178756324
0.0,0.0,11.718,20.6,1639178756392
0.0,0.0,11.759,20.6,1639178756461
0.0,0.0,11.759,20.6,1639178756532
0.0,0.0,11.759,20.6,1639178756602
0.0,0.0,11.759,20.6,1639178756672
0.0,0.0,11.77,20.6,1639178756741
0.0,0.0,11.749,20.6,1639178756812
0.0,0.0,11.759,20.6,1639178756881
0.0,0.0,11.77,20.6,1639178756957
0.0,0.0,11.759,20.6,1639178757021
0.0,0.0,11.811,20.6,1639178757092
0.0,0.0,11.811,20.6,1639178757161
0.0,0.0,11.811,20.6,1639178757232
0.0,0.0,11.811,20.6,1639178757301
0.0,0.0,11.811,20.6,1639178757371
0.0,0.0,11.801,20.6,1639178757442
0.0,0.0,11.791,20.6,1639178757513
0.0,0.0,11.78,20.6,1639178757582
0.0,0.0,11.77,20.6,1639178757653
0.0,0.0,11.749,20.6,1639178757724
0.0,0.0,11.759,20.6,1639178757795
0.0,0.0,11.77,20.6,1639178757861
0.0,0.0,11.749,20.6,1639178757933
0.0,0.0,11.697,20.6,1639178758002
0.0,0.0,11.583,20.6,1639178758081
0.0,0.0,11.52,20.6,1639178758162
0.0,0.0,11.562,20.6,1639178758214
0.0,0.0,11.572,20.6,1639178758280
0.0,0.0,11.593,20.6,1639178758352
0.0,0.0,11.635,20.6,1639178758430
0.0,0.0,11.645,20.6,1639178758519
0.0,0.0,11.655,20.6,1639178758564
0.0,0.0,11.635,20.6,1639178758630
0.0,0.0,11.624,20.6,1639178758700
0.0,0.0,11.624,20.6,1639178758789
0.0,0.0,11.635,20.6,1639178758841
0.0,0.0,11.635,20.6,1639178758912
0.0,0.0,11.635,20.6,1639178758981
0.0,0.0,11.645,20.6,1639178759061
0.0,0.0,11.624,20.6,1639178759124
0.0,0.0,11.614,20.6,1639178759191
0.0,0.0,11.614,20.6,1639178759262
0.0,0.0,11.593,20.6,1639178759332
0.0,0.0,11.593,20.6,1639178759404
0.0,0.0,11.583,20.6,1639178759473
0.0,0.0,11.583,20.6,1639178759541
0.0,0.0,11.603,20.6,1639178759612
0.0,0.0,11.614,20.6,1639178759700
0.0,0.0,11.614,20.6,1639178759751
0.0,0.0,11.614,20.6,1639178759821
0.0,0.0,11.562,20.6,1639178759916
0.0,0.0,11.551,20.6,1639178759962
0.0,0.0,11.541,20.6,1639178760059
0.0,0.0,11.52,20.6,1639178760101
0.0,0.0,11.53,20.6,1639178760217
0.0,0.0,11.583,20.6,1639178760242
0.0,0.0,11.676,20.6,1639178760338
0.0,0.0,11.728,20.6,1639178760380
0.0,0.0,11.728,20.6,1639178760459
0.0,0.0,11.718,20.6,1639178760555
0.0,0.0,11.697,20.6,1639178760591
0.0,0.0,11.593,20.6,1639178760733
0.0,0.0,11.583,20.6,1639178760831
0.0,0.0,11.603,20.6,1639178760873
0.0,0.0,11.603,20.6,1639178760953
0.0,0.0,11.603,20.6,1639178761049
0.0,0.0,11.593,20.6,1639178761083
0.0,0.0,11.603,20.6,1639178761171
0.0,0.0,11.593,20.6,1639178761223
0.0,0.0,11.593,20.6,1639178761292
0.0,0.0,11.583,20.6,1639178761362
0.0,0.0,11.603,20.6,1639178761431
0.0,0.0,11.614,20.6,1639178761505
0.0,0.0,11.614,20.6,1639178761571
0.0,0.0,11.614,20.6,1639178761641
0.0,0.0,11.624,20.6,1639178761711
0.0,0.0,11.624,20.6,1639178761782
0.0,0.0,11.583,20.6,1639178761851
0.0,0.0,11.562,20.6,1639178761921
0.0,0.0,11.572,20.6,1639178761994
0.0,0.0,11.572,20.6,1639178762062
0.0,0.0,11.52,20.6,1639178762131
0.0,0.0,11.572,20.6,1639178762201
0.0,0.0,11.572,20.6,1639178762271
0.0,0.0,11.572,20.6,1639178762342
0.0,0.0,11.572,20.6,1639178762411
0.0,0.0,11.53,20.6,1639178762482
0.0,0.0,11.53,20.6,1639178762551
0.0,0.0,11.541,20.6,1639178762631
0.0,0.0,11.53,20.6,1639178762724
0.0,0.0,11.53,20.6,1639178762761
0.0,0.0,11.52,20.6,1639178762832
0.0,0.0,11.52,20.6,1639178762901
0.0,0.0,11.614,20.6,1639178762986
0.0,0.0,11.551,20.6,1639178763116
0.0,0.0,11.541,20.6,1639178763181
0.0,0.0,11.541,20.6,1639178763257
0.0,0.0,11.541,20.6,1639178763347
0.0,0.0,11.541,20.6,1639178763390
0.0,0.0,11.541,20.6,1639178763462
0.0,0.0,11.551,20.6,1639178763532
0.0,0.0,11.52,20.6,1639178763601
0.0,0.0,11.52,20.6,1639178763672
0.0,0.0,11.53,20.6,1639178763744
0.0,0.0,11.53,20.6,1639178763812
0.0,0.0,11.53,20.6,1639178763881
0.0,0.0,11.53,20.6,1639178763952
0.0,0.0,11.489,20.6,1639178764022
0.0,0.0,11.489,20.6,1639178764093
0.0,0.0,11.489,20.6,1639178764162
0.0,0.0,11.489,20.6,1639178764233
0.0,0.0,11.489,20.6,1639178764301
0.0,0.0,11.406,20.6,1639178764373
0.0,0.0,11.374,20.6,1639178764442
0.0,0.0,11.374,20.6,1639178764511
0.0,0.0,11.374,20.6,1639178764583
0.0,0.0,11.364,20.6,1639178764652
0.0,0.0,11.364,20.6,1639178764722
0.0,0.0,11.354,20.6,1639178764793
0.0,0.0,11.26,20.6,1639178764862
0.0,0.0,11.208,20.6,1639178764930
0.0,0.0,11.218,20.6,1639178764999
0.0,0.0,11.239,20.6,1639178765071
0.0,0.0,11.239,20.6,1639178765139
0.0,0.0,11.249,20.6,1639178765210
0.0,0.0,11.26,20.6,1639178765279
0.0,0.0,11.312,20.6,1639178765350
0.0,0.0,11.312,20.6,1639178765420
0.0,0.0,11.312,20.6,1639178765490
0.0,0.0,11.322,20.6,1639178765560
0.0,0.0,11.322,20.6,1639178765632
0.0,0.0,11.322,20.6,1639178765701
0.0,0.0,11.322,20.6,1639178765774
0.0,0.0,11.333,20.6,1639178765841
0.0,0.0,11.322,20.6,1639178765913
0.0,0.0,11.312,20.8,1639178766012
0.0,0.0,11.333,20.8,1639178766122
0.0,0.0,11.333,20.8,1639178766191
0.0,0.0,11.354,20.8,1639178766266
0.0,0.0,11.385,20.8,1639178766356
0.0,0.0,11.385,20.8,1639178766404
0.0,0.0,11.385,20.8,1639178766471
0.0,0.0,11.385,20.8,1639178766541
0.0,0.0,11.385,20.8,1639178766625
0.0,0.0,11.468,20.8,1639178766717
0.0,0.0,11.468,20.8,1639178766751
0.0,0.0,11.468,20.8,1639178766823
0.0,0.0,11.489,20.8,1639178766894
0.0,0.0,11.51,20.8,1639178766985
0.0,0.0,11.478,20.8,1639178767034
0.0,0.0,11.53,20.8,1639178767101
0.0,0.0,11.624,20.8,1639178767172
0.0,0.0,11.676,20.8,1639178767241
0.0,0.0,11.676,20.8,1639178767312
0.0,0.0,11.655,20.8,1639178767382
0.0,0.0,11.645,20.8,1639178767454
0.0,0.0,11.551,20.8,1639178767521
0.0,0.0,11.51,20.8,1639178767591
0.0,0.0,11.541,20.8,1639178767663
0.0,0.0,11.562,20.8,1639178767732
0.0,0.0,11.551,20.8,1639178767801
0.0,0.0,11.447,20.8,1639178767874
0.0,0.0,11.458,20.8,1639178767941
0.0,0.0,11.406,20.8,1639178768012
0.0,0.0,11.406,20.8,1639178768081
0.0,0.0,11.447,20.8,1639178768153
0.0,0.0,11.447,20.8,1639178768221
0.0,0.0,11.437,20.8,1639178768294
0.0,0.0,11.426,20.8,1639178768365
0.0,0.0,11.426,20.8,1639178768432
0.0,0.0,11.416,20.8,1639178768502
0.0,0.0,11.416,20.8,1639178768572
0.0,0.0,11.416,20.8,1639178768641
0.0,0.0,11.416,20.8,1639178768712
0.0,0.0,11.426,20.8,1639178768782
0.0,0.0,11.426,20.8,1639178768852
0.0,0.0,11.447,20.8,1639178768920
0.0,0.0,11.53,20.8,1639178768994
0.0,0.0,11.53,20.8,1639178769063
0.0,0.0,11.52,20.8,1639178769131
0.0,0.0,11.51,20.8,1639178769201
0.0,0.0,11.53,20.8,1639178769273
0.0,0.0,11.426,20.8,1639178769342
0.0,0.0,11.374,20.8,1639178769411
0.0,0.0,11.374,20.8,1639178769481
0.0,0.0,11.354,20.8,1639178769554
0.0,0.0,11.354,20.8,1639178769622
0.0,0.0,11.374,20.8,1639178769694
0.0,0.0,11.458,20.8,1639178769762
0.0,0.0,11.489,20.8,1639178769831
0.0,0.0,11.468,20.8,1639178769902
0.0,0.0,11.437,20.8,1639178769973
0.0,0.0,11.437,20.8,1639178770041
0.0,0.0,11.437,20.8,1639178770111
0.0,0.0,11.322,20.8,1639178770181
0.0,0.0,11.322,20.8,1639178770252
0.0,0.0,11.333,20.8,1639178770322
0.0,0.0,11.343,20.8,1639178770391
0.0,0.0,11.343,20.8,1639178770461
0.0,0.0,11.343,20.8,1639178770531
0.0,0.0,11.333,20.8,1639178770605
0.0,0.0,11.322,20.8,1639178770681
0.0,0.0,11.322,20.8,1639178770772
0.0,0.0,11.322,20.8,1639178770810
0.0,0.0,11.333,20.8,1639178770880
0.0,0.0,11.354,20.8,1639178770954
0.0,0.0,11.343,20.8,1639178771044
0.0,0.0,11.333,20.8,1639178771093
0.0,0.0,11.281,20.8,1639178771161
0.0,0.0,11.281,20.8,1639178771230
0.0,0.0,11.281,20.8,1639178771311
0.0,0.0,11.249,20.8,1639178771402
0.0,0.0,11.249,20.8,1639178771440
0.0,0.0,11.26,20.8,1639178771510
0.0,0.0,11.322,20.8,1639178771582
0.0,0.0,11.322,20.8,1639178771650
0.0,0.0,11.312,20.8,1639178771720
0.0,0.0,11.333,20.8,1639178771790
0.0,0.0,11.333,20.8,1639178771861
0.0,0.0,11.312,20.8,1639178771930
0.0,0.0,11.208,20.6,1639178772001
0.0,0.0,11.187,20.6,1639178772070
0.0,0.0,11.208,20.6,1639178772140
0.0,0.0,11.208,20.6,1639178772209
0.0,0.0,11.218,20.6,1639178772280
0.0,0.0,11.312,20.6,1639178772349
0.0,0.0,11.343,20.6,1639178772421
