0.0,0.0,2.929,20.0,1557526368458
0.0,0.0,2.929,20.0,1557526368458
0.0,0.0,2.957,20.0,1557526368532
0.0,0.0,2.957,20.0,1557526368583
0.0,0.0,2.957,20.0,1557526368733
0.0,0.0,2.957,20.0,1557526368786
0.0,0.0,2.957,20.0,1557526368932
0.0,0.0,2.957,20.0,1557526368988
0.0,0.0,2.957,20.0,1557526369132
0.0,0.0,2.984,20.0,1557526369193
0.0,0.0,2.984,20.0,1557526369333
0.0,0.0,3.011,20.0,1557526369393
0.0,0.0,3.011,20.0,1557526369531
0.0,0.0,3.039,20.0,1557526369595
0.0,0.0,3.011,20.0,1557526369732
0.0,0.0,3.011,20.0,1557526369798
0.0,0.0,3.011,20.0,1557526369932
0.0,0.0,3.011,20.0,1557526370001
0.0,0.0,3.011,20.0,1557526370123
0.0,0.0,3.011,20.0,1557526370305
0.0,0.0,3.011,20.0,1557526370507
0.0,0.0,3.039,20.0,1557526370769
0.0,0.0,3.011,20.0,1557526370770
0.0,0.0,3.011,20.0,1557526370874
0.0,0.0,3.011,20.0,1557526370912
0.0,0.0,2.984,20.0,1557526371149
0.0,0.0,2.984,20.0,1557526371307
0.0,0.0,2.984,20.0,1557526371317
0.0,0.0,2.984,20.0,1557526372166
0.0,0.0,2.984,20.0,1557526372209
0.0,0.0,2.984,20.0,1557526372210
0.0,0.0,2.984,20.0,1557526372210
0.0,0.0,2.957,20.0,1557526372211
0.0,0.0,2.929,20.0,1557526372211
0.0,0.0,2.929,20.0,1557526372211
0.0,0.0,2.957,20.0,1557526372211
0.0,0.0,2.929,20.0,1557526372231
0.0,0.0,2.929,20.0,1557526372471
0.0,0.0,2.929,20.0,1557526372472
0.0,0.0,2.929,20.0,1557526372532
0.0,0.0,2.929,20.0,1557526372769
0.0,0.0,2.957,20.0,1557526372770
0.0,0.0,2.957,19.0,1557526372836
0.0,0.0,2.957,19.0,1557526373072
0.0,0.0,2.929,19.0,1557526373073
0.0,0.0,2.929,19.0,1557526373140
0.0,0.0,2.929,19.0,1557526373377
0.0,0.0,2.957,19.0,1557526373378
0.0,0.0,2.984,19.0,1557526373444
0.0,0.0,2.984,19.0,1557526373683
0.0,0.0,2.957,19.0,1557526373684
0.0,0.0,2.957,19.0,1557526373748
0.0,0.0,2.957,19.0,1557526373986
0.0,0.0,2.957,19.0,1557526373987
0.0,0.0,2.929,19.0,1557526374052
0.0,0.0,2.929,19.0,1557526374289
0.0,0.0,2.902,19.0,1557526374289
0.0,0.0,2.902,19.0,1557526374356
0.0,0.0,2.902,19.0,1557526374456
0.0,0.0,2.874,19.0,1557526374557
0.0,0.0,2.874,19.0,1557526374659
0.0,0.0,2.902,19.0,1557526374760
0.0,0.0,2.902,19.0,1557526374862
0.0,0.0,2.874,19.0,1557526374965
0.0,0.0,2.874,19.0,1557526375066
0.0,0.0,2.847,19.0,1557526375168
0.0,0.0,2.847,19.0,1557526375269
0.0,0.0,2.82,19.0,1557526375368
0.0,0.0,2.82,19.0,1557526375469
0.0,0.0,2.82,19.0,1557526375570
0.0,0.0,2.82,19.0,1557526375673
0.0,0.0,2.792,19.0,1557526375774
0.0,0.0,2.765,19.0,1557526375874
0.0,0.0,2.792,19.0,1557526375975
0.0,0.0,2.792,19.0,1557526376076
0.0,0.0,2.792,19.0,1557526376309
0.0,0.0,2.792,19.0,1557526376310
0.0,0.0,2.792,19.0,1557526376379
0.0,0.0,2.82,19.0,1557526376599
0.0,0.0,2.82,19.0,1557526376600
0.0,0.0,2.82,19.0,1557526376684
0.0,0.0,2.847,19.0,1557526376878
0.0,0.0,2.847,19.0,1557526376885
0.0,0.0,2.847,19.0,1557526376986
0.0,0.0,2.847,19.0,1557526377182
0.0,0.0,2.82,19.0,1557526377189
0.0,0.0,2.82,19.0,1557526377292
0.0,0.0,2.82,19.0,1557526377466
0.0,0.0,2.792,19.0,1557526377492
0.0,0.0,2.792,19.0,1557526377749
0.0,0.0,2.792,19.0,1557526377750
0.0,0.0,2.792,19.0,1557526378354
0.0,0.0,4.49,19.0,1557526548261
0.0,0.0,4.46,19.0,1557526548372
0.0,0.0,4.46,19.0,1557526548568
0.0,0.0,4.46,19.0,1557526548575
0.0,0.0,4.46,19.0,1557526548675
0.0,0.0,4.46,19.0,1557526548875
0.0,0.0,4.46,19.0,1557526548884
0.0,0.0,4.46,19.0,1557526548979
0.0,0.0,4.46,19.0,1557526549093
0.0,0.0,4.46,19.0,1557526549184
0.0,0.0,4.46,19.0,1557526549283
0.0,0.0,4.46,19.0,1557526549468
0.0,0.0,4.46,19.0,1557526549489
0.0,0.0,4.46,19.0,1557526549587
0.0,0.0,4.46,19.0,1557526549689
0.0,0.0,4.46,19.0,1557526549790
0.0,0.0,4.46,19.0,1557526549899
0.0,0.0,4.46,19.0,1557526549993
0.0,0.0,4.46,19.0,1557526550095
0.0,0.0,4.46,19.0,1557526550207
0.0,0.0,4.46,19.0,1557526550297
0.0,0.0,4.46,19.0,1557526550399
0.0,0.0,4.46,19.0,1557526550500
0.0,0.0,4.46,19.0,1557526551129
0.0,0.0,4.46,19.0,1557526551793
0.0,0.0,4.46,19.0,1557526551796
0.0,0.0,4.43,19.0,1557526551797
0.0,0.0,4.43,19.0,1557526551799
0.0,0.0,4.46,19.0,1557526551811
0.0,0.0,4.46,19.0,1557526551812
0.0,0.0,4.46,19.0,1557526551826
0.0,0.0,4.46,19.0,1557526551917
0.0,0.0,4.46,19.0,1557526552019
0.0,0.0,4.46,19.0,1557526552123
0.0,0.0,4.46,19.0,1557526552254
35.16303253173828,139.61453247070312,4.46,19.0,1557526552278
0.0,0.0,4.46,19.0,1557526552325
0.0,0.0,4.46,19.0,1557526552424
0.0,0.0,4.46,19.0,1557526552562
0.0,0.0,4.46,19.0,1557526552627
0.0,0.0,4.46,19.0,1557526552729
0.0,0.0,4.46,19.0,1557526552829
0.0,0.0,4.46,19.0,1557526552931
0.0,0.0,4.46,19.0,1557526553032
0.0,0.0,4.46,19.0,1557526553133
0.0,0.0,4.49,19.0,1557526553238
0.0,0.0,4.49,19.0,1557526553336
0.0,0.0,4.49,19.0,1557526553483
0.0,0.0,4.49,19.0,1557526553539
0.0,0.0,4.49,19.0,1557526553640
0.0,0.0,4.49,19.0,1557526553790
0.0,0.0,4.49,19.0,1557526553843
0.0,0.0,4.49,19.0,1557526553944
0.0,0.0,4.49,19.0,1557526554100
0.0,0.0,4.49,19.0,1557526554148
0.0,0.0,4.49,19.0,1557526554252
0.0,0.0,4.49,19.0,1557526554507
0.0,0.0,4.49,19.0,1557526554543
0.0,0.0,4.49,19.0,1557526554552
0.0,0.0,4.49,19.0,1557526554653
0.0,0.0,4.49,19.0,1557526554814
0.0,0.0,4.49,19.0,1557526554857
0.0,0.0,4.49,19.0,1557526554957
0.0,0.0,4.49,19.0,1557526555058
0.0,0.0,4.49,19.0,1557526555160
0.0,0.0,4.49,19.0,1557526555724
0.0,0.0,4.51,19.0,1557526555726
0.0,0.0,4.51,19.0,1557526555727
0.0,0.0,4.51,19.0,1557526555728
0.0,0.0,4.51,19.0,1557526555728
0.0,0.0,4.51,19.0,1557526555767
0.0,0.0,4.51,19.0,1557526555869
35.16306686401367,139.61448669433594,4.51,19.0,1557526555872
0.0,0.0,4.51,19.0,1557526555970
0.0,0.0,4.51,19.0,1557526556071
0.0,0.0,4.51,19.0,1557526556209
0.0,0.0,4.51,19.0,1557526556276
0.0,0.0,4.51,19.0,1557526556375
0.0,0.0,4.51,19.0,1557526556477
0.0,0.0,4.54,19.0,1557526556658
0.0,0.0,4.54,19.0,1557526556679
0.0,0.0,4.54,19.0,1557526556780
0.0,0.0,4.54,19.0,1557526556920
0.0,0.0,4.54,19.0,1557526557085
0.0,0.0,4.54,19.0,1557526557186
0.0,0.0,4.54,19.0,1557526557289
0.0,0.0,4.54,19.0,1557526557477
0.0,0.0,4.54,19.0,1557526557490
0.0,0.0,4.57,19.0,1557526557591
0.0,0.0,4.57,19.0,1557526557784
0.0,0.0,4.57,19.0,1557526557794
0.0,0.0,4.57,19.0,1557526557896
0.0,0.0,4.57,19.0,1557526557997
0.0,0.0,4.57,19.0,1557526558098
0.0,0.0,4.57,19.0,1557526558296
0.0,0.0,4.57,19.0,1557526558307
0.0,0.0,4.57,19.0,1557526558402
0.0,0.0,4.57,19.0,1557526558603
0.0,0.0,4.57,19.0,1557526558608
0.0,0.0,4.57,19.0,1557526558706
0.0,0.0,4.57,19.0,1557526558911
0.0,0.0,4.57,19.0,1557526558912
0.0,0.0,4.57,19.0,1557526559011
0.0,0.0,4.57,19.0,1557526559112
0.0,0.0,4.57,19.0,1557526559215
0.0,0.0,4.57,19.0,1557526559317
35.163089752197266,139.6144561767578,4.57,19.0,1557526559317
0.0,0.0,4.57,19.0,1557526559415
0.0,0.0,4.57,19.0,1557526559525
0.0,0.0,4.57,19.0,1557526559618
0.0,0.0,4.57,19.0,1557526559719
0.0,0.0,4.57,19.0,1557526560276
0.0,0.0,4.57,19.0,1557526560277
0.0,0.0,4.57,19.0,1557526560281
0.0,0.0,4.57,19.0,1557526560282
0.0,0.0,4.57,19.0,1557526560292
0.0,0.0,4.57,19.0,1557526560329
0.0,0.0,4.57,19.0,1557526560428
0.0,0.0,4.57,19.0,1557526560530
0.0,0.0,4.57,19.0,1557526560631
0.0,0.0,4.57,19.0,1557526560754
0.0,0.0,4.57,19.0,1557526560935
0.0,0.0,4.57,19.0,1557526561036
0.0,0.0,4.57,19.0,1557526561137
0.0,0.0,4.57,19.0,1557526561264
0.0,0.0,4.57,19.0,1557526561342
0.0,0.0,4.57,19.0,1557526561441
0.0,0.0,4.57,19.0,1557526561573
0.0,0.0,4.57,19.0,1557526561645
35.1630973815918,139.6144256591797,4.57,19.0,1557526561646
0.0,0.0,4.57,19.0,1557526561747
0.0,0.0,4.57,19.0,1557526561882
0.0,0.0,4.57,19.0,1557526561949
0.0,0.0,4.57,19.0,1557526562050
0.0,0.0,4.57,19.0,1557526562151
0.0,0.0,4.57,19.0,1557526562252
0.0,0.0,4.57,19.0,1557526562393
0.0,0.0,4.57,19.0,1557526562456
0.0,0.0,4.57,19.0,1557526562556
0.0,0.0,4.57,19.0,1557526562699
0.0,0.0,4.57,19.0,1557526562759
0.0,0.0,4.57,19.0,1557526562860
0.0,0.0,4.57,19.0,1557526562968
0.0,0.0,4.57,19.0,1557526563063
0.0,0.0,4.57,19.0,1557526563164
0.0,0.0,4.57,19.0,1557526563265
0.0,0.0,4.57,19.0,1557526563370
0.0,0.0,4.59,19.0,1557526563518
0.0,0.0,4.59,19.0,1557526563569
0.0,0.0,4.59,19.0,1557526563670
0.0,0.0,4.59,19.0,1557526563831
0.0,0.0,4.59,19.0,1557526563873
35.16310119628906,139.61441040039062,4.59,19.0,1557526563897
0.0,0.0,4.59,19.0,1557526563974
0.0,0.0,4.59,19.0,1557526564133
0.0,0.0,4.59,19.0,1557526564178
0.0,0.0,4.59,19.0,1557526564278
0.0,0.0,4.59,19.0,1557526564440
0.0,0.0,4.59,19.0,1557526564481
0.0,0.0,4.59,19.0,1557526564582
0.0,0.0,4.59,19.0,1557526565275
0.0,0.0,4.59,19.0,1557526565278
0.0,0.0,4.59,19.0,1557526565279
0.0,0.0,4.59,19.0,1557526565280
0.0,0.0,4.59,19.0,1557526565281
0.0,0.0,4.59,19.0,1557526565282
0.0,0.0,4.59,19.0,1557526565291
0.0,0.0,4.59,19.0,1557526565395
0.0,0.0,4.59,19.0,1557526565495
0.0,0.0,4.59,19.0,1557526565595
0.0,0.0,4.59,19.0,1557526565769
0.0,0.0,4.59,19.0,1557526565798
0.0,0.0,4.59,19.0,1557526565903
0.0,0.0,4.59,19.0,1557526566001
0.0,0.0,4.59,19.0,1557526566103
0.0,0.0,4.59,19.0,1557526566283
0.0,0.0,4.59,19.0,1557526566305
0.0,0.0,4.59,19.0,1557526566408
0.0,0.0,4.59,19.0,1557526566590
0.0,0.0,4.59,19.0,1557526566609
0.0,0.0,4.59,19.0,1557526566710
0.0,0.0,4.59,19.0,1557526566898
0.0,0.0,4.59,19.0,1557526566912
0.0,0.0,4.59,19.0,1557526567014
0.0,0.0,4.59,19.0,1557526567115
0.0,0.0,4.57,19.0,1557526567216
0.0,0.0,4.57,19.0,1557526567409
35.16310501098633,139.6143798828125,4.57,19.0,1557526567412
0.0,0.0,4.57,19.0,1557526567422
0.0,0.0,4.57,19.0,1557526567520
0.0,0.0,4.57,19.0,1557526567717
0.0,0.0,4.57,19.0,1557526567725
0.0,0.0,4.57,19.0,1557526567827
0.0,0.0,4.57,19.0,1557526567982
0.0,0.0,4.57,19.0,1557526568027
0.0,0.0,4.57,19.0,1557526568129
0.0,0.0,4.57,19.0,1557526568230
0.0,0.0,4.57,19.0,1557526568331
0.0,0.0,4.57,19.0,1557526568536
0.0,0.0,4.57,19.0,1557526568537
0.0,0.0,4.57,19.0,1557526568636
0.0,0.0,4.57,19.0,1557526568844
0.0,0.0,4.57,19.0,1557526568845
0.0,0.0,4.57,19.0,1557526568939
0.0,0.0,4.57,19.0,1557526569040
0.0,0.0,4.54,19.0,1557526569151
0.0,0.0,4.54,19.0,1557526569243
0.0,0.0,4.54,19.0,1557526569344
0.0,0.0,4.54,19.0,1557526569458
0.0,0.0,4.54,19.0,1557526569548
0.0,0.0,4.54,19.0,1557526569648
0.0,0.0,4.54,19.0,1557526569765
35.163108825683594,139.61436462402344,4.54,19.0,1557526569765
0.0,0.0,4.54,19.0,1557526570330
0.0,0.0,4.54,19.0,1557526570331
0.0,0.0,4.54,19.0,1557526570332
0.0,0.0,4.54,19.0,1557526570333
0.0,0.0,4.54,19.0,1557526570333
0.0,0.0,4.54,19.0,1557526570358
0.0,0.0,4.54,19.0,1557526570461
0.0,0.0,4.54,19.0,1557526570560
0.0,0.0,4.54,19.0,1557526570661
0.0,0.0,4.54,19.0,1557526570789
0.0,0.0,4.54,19.0,1557526570864
0.0,0.0,4.54,19.0,1557526570965
0.0,0.0,4.54,19.0,1557526571068
0.0,0.0,4.54,19.0,1557526571168
0.0,0.0,4.54,19.0,1557526571301
0.0,0.0,4.54,19.0,1557526571371
0.0,0.0,4.54,19.0,1557526571476
0.0,0.0,4.54,19.0,1557526571608
0.0,0.0,4.54,19.0,1557526571675
0.0,0.0,4.54,19.0,1557526571776
0.0,0.0,4.54,19.0,1557526571915
0.0,0.0,4.54,19.0,1557526571980
0.0,0.0,4.54,19.0,1557526572080
0.0,0.0,4.54,19.0,1557526572187
0.0,0.0,4.54,19.0,1557526572285
0.0,0.0,4.54,19.0,1557526572427
0.0,0.0,4.54,19.0,1557526572487
0.0,0.0,4.54,19.0,1557526572587
0.0,0.0,4.54,19.0,1557526572734
0.0,0.0,4.54,19.0,1557526572789
0.0,0.0,4.54,19.0,1557526572891
0.0,0.0,4.54,19.0,1557526573022
0.0,0.0,4.54,19.0,1557526573093
0.0,0.0,4.54,19.0,1557526573194
35.163108825683594,139.61434936523438,4.54,19.0,1557526573201
0.0,0.0,4.54,19.0,1557526573296
0.0,0.0,4.54,19.0,1557526573397
0.0,0.0,4.54,19.0,1557526573554
0.0,0.0,4.54,19.0,1557526573601
0.0,0.0,4.54,19.0,1557526573701
0.0,0.0,4.54,19.0,1557526573863
0.0,0.0,4.54,19.0,1557526573908
0.0,0.0,4.54,19.0,1557526574005
0.0,0.0,4.54,19.0,1557526574168
0.0,0.0,4.54,19.0,1557526574208
0.0,0.0,4.54,19.0,1557526574309
0.0,0.0,4.54,19.0,1557526574475
0.0,0.0,4.54,19.0,1557526574514
0.0,0.0,4.54,19.0,1557526574613
0.0,0.0,4.54,19.0,1557526574782
0.0,0.0,4.54,19.0,1557526574816
0.0,0.0,4.54,19.0,1557526574923
0.0,0.0,4.54,19.0,1557526575018
0.0,0.0,4.54,19.0,1557526575120
0.0,0.0,4.54,19.0,1557526575221
0.0,0.0,4.54,19.0,1557526575322
0.0,0.0,4.54,19.0,1557526575499
0.0,0.0,4.54,19.0,1557526575527
35.163108825683594,139.6143341064453,4.54,19.0,1557526575531
0.0,0.0,4.54,19.0,1557526576056
0.0,0.0,4.54,19.0,1557526576074
0.0,0.0,4.54,19.0,1557526576075
0.0,0.0,4.54,19.0,1557526576076
0.0,0.0,4.54,19.0,1557526576076
0.0,0.0,4.54,19.0,1557526576133
0.0,0.0,4.54,19.0,1557526576235
0.0,0.0,4.54,19.0,1557526576338
0.0,0.0,4.54,19.0,1557526576437
0.0,0.0,4.54,19.0,1557526576541
0.0,0.0,4.54,19.0,1557526576640
0.0,0.0,4.54,19.0,1557526576832
0.0,0.0,4.54,19.0,1557526576845
0.0,0.0,4.54,19.0,1557526576944
0.0,0.0,4.51,19.0,1557526577045
0.0,0.0,4.51,19.0,1557526577146
0.0,0.0,4.51,19.0,1557526577342
0.0,0.0,4.51,19.0,1557526577350
0.0,0.0,4.51,19.0,1557526577451
0.0,0.0,4.51,19.0,1557526577649
0.0,0.0,4.51,19.0,1557526577656
0.0,0.0,4.51,19.0,1557526577754
0.0,0.0,4.51,19.0,1557526577957
0.0,0.0,4.51,19.0,1557526577958
0.0,0.0,4.51,19.0,1557526578058
0.0,0.0,4.51,19.0,1557526578160
0.0,0.0,4.51,19.0,1557526578261
0.0,0.0,4.51,19.0,1557526578469
0.0,0.0,4.51,19.0,1557526578469
0.0,0.0,4.51,19.0,1557526578568
0.0,0.0,4.51,19.0,1557526578666
0.0,0.0,4.51,19.0,1557526578776
0.0,0.0,4.51,19.0,1557526578869
0.0,0.0,4.51,19.0,1557526578970
35.163108825683594,139.6143035888672,4.51,19.0,1557526578971
0.0,0.0,4.51,19.0,1557526579083
0.0,0.0,4.51,19.0,1557526579173
0.0,0.0,4.51,19.0,1557526579275
0.0,0.0,4.51,19.0,1557526579391
0.0,0.0,4.51,19.0,1557526579477
0.0,0.0,4.51,19.0,1557526579581
0.0,0.0,4.51,19.0,1557526579697
0.0,0.0,4.51,19.0,1557526579781
0.0,0.0,4.51,19.0,1557526579882
0.0,0.0,4.51,19.0,1557526580005
0.0,0.0,4.51,19.0,1557526580085
0.0,0.0,4.54,19.0,1557526580186
0.0,0.0,4.54,19.0,1557526580287
0.0,0.0,4.54,19.0,1557526580390
0.0,0.0,4.54,19.0,1557526580517
0.0,0.0,4.54,19.0,1557526581109
0.0,0.0,4.54,19.0,1557526581121
0.0,0.0,4.54,19.0,1557526581122
0.0,0.0,4.54,19.0,1557526581131
0.0,0.0,4.54,19.0,1557526581141
0.0,0.0,4.54,19.0,1557526581142
0.0,0.0,4.51,19.0,1557526581199
0.0,0.0,4.51,19.0,1557526581402
0.0,0.0,4.51,19.0,1557526581504
0.0,0.0,4.51,19.0,1557526581643
0.0,0.0,4.51,19.0,1557526581708
0.0,0.0,4.51,19.0,1557526581807
0.0,0.0,4.51,19.0,1557526581953
0.0,0.0,4.51,19.0,1557526582012
0.0,0.0,4.51,19.0,1557526582112
0.0,0.0,4.51,19.0,1557526582213
0.0,0.0,4.51,19.0,1557526582314
0.0,0.0,4.51,19.0,1557526582462
0.0,0.0,4.51,19.0,1557526582516
0.0,0.0,4.51,19.0,1557526582620
0.0,0.0,4.51,19.0,1557526582769
0.0,0.0,4.51,19.0,1557526582822
0.0,0.0,4.49,19.0,1557526582922
0.0,0.0,4.49,19.0,1557526583077
0.0,0.0,4.49,19.0,1557526583124
0.0,0.0,4.49,19.0,1557526583226
0.0,0.0,4.49,19.0,1557526583327
0.0,0.0,4.49,19.0,1557526583429
0.0,0.0,4.49,19.0,1557526583587
0.0,0.0,4.49,19.0,1557526583634
35.163108825683594,139.61428833007812,4.49,19.0,1557526583635
0.0,0.0,4.49,19.0,1557526583733
0.0,0.0,4.49,19.0,1557526583896
0.0,0.0,4.49,19.0,1557526583940
0.0,0.0,4.49,19.0,1557526584037
0.0,0.0,4.49,19.0,1557526584203
0.0,0.0,4.49,19.0,1557526584240
0.0,0.0,4.49,19.0,1557526584341
0.0,0.0,4.49,19.0,1557526584510
0.0,0.0,4.49,19.0,1557526584547
0.0,0.0,4.49,19.0,1557526584648
0.0,0.0,4.49,19.0,1557526584817
0.0,0.0,4.49,19.0,1557526584849
0.0,0.0,4.49,19.0,1557526584949
0.0,0.0,4.49,19.0,1557526585125
0.0,0.0,4.49,19.0,1557526585163
0.0,0.0,4.49,19.0,1557526585253
0.0,0.0,4.49,19.0,1557526585354
0.0,0.0,4.49,19.0,1557526585456
0.0,0.0,4.49,19.0,1557526586123
0.0,0.0,4.51,19.0,1557526586124
35.163108825683594,139.61428833007812,4.51,19.0,1557526586124
0.0,0.0,4.51,19.0,1557526586133
0.0,0.0,4.51,19.0,1557526586133
0.0,0.0,4.51,19.0,1557526586133
0.0,0.0,4.51,19.0,1557526586134
0.0,0.0,4.51,19.0,1557526586166
0.0,0.0,4.51,19.0,1557526586267
0.0,0.0,4.51,19.0,1557526586368
0.0,0.0,4.51,19.0,1557526586469
0.0,0.0,4.49,19.0,1557526586662
0.0,0.0,4.49,19.0,1557526586674
0.0,0.0,4.49,19.0,1557526586773
0.0,0.0,4.49,19.0,1557526586968
0.0,0.0,4.49,19.0,1557526586976
0.0,0.0,4.49,19.0,1557526587077
0.0,0.0,4.49,19.0,1557526587178
0.0,0.0,4.51,19.0,1557526587280
0.0,0.0,4.49,19.0,1557526587480
0.0,0.0,4.51,19.0,1557526587488
0.0,0.0,4.49,19.0,1557526587583
0.0,0.0,4.49,19.0,1557526587787
0.0,0.0,4.49,19.0,1557526587788
0.0,0.0,4.49,19.0,1557526587888
0.0,0.0,4.49,19.0,1557526588096
0.0,0.0,4.49,19.0,1557526588192
0.0,0.0,4.49,19.0,1557526588300
0.0,0.0,4.49,19.0,1557526588394
0.0,0.0,4.49,19.0,1557526588495
0.0,0.0,4.49,19.0,1557526588606
0.0,0.0,4.49,19.0,1557526588700
0.0,0.0,4.49,19.0,1557526588799
0.0,0.0,4.49,19.0,1557526588913
0.0,0.0,4.51,19.0,1557526589002
0.0,0.0,4.51,19.0,1557526589103
0.0,0.0,4.51,19.0,1557526589221
0.0,0.0,4.51,19.0,1557526589306
0.0,0.0,4.51,19.0,1557526589407
0.0,0.0,4.51,19.0,1557526589528
0.0,0.0,4.51,19.0,1557526589610
35.163108825683594,139.61427307128906,4.51,19.0,1557526589622
0.0,0.0,4.51,19.0,1557526589714
0.0,0.0,4.51,19.0,1557526589836
0.0,0.0,4.51,19.0,1557526589914
0.0,0.0,4.51,19.0,1557526590015
0.0,0.0,4.51,19.0,1557526590142
0.0,0.0,4.51,19.0,1557526590219
0.0,0.0,4.51,19.0,1557526590320
0.0,0.0,4.51,19.0,1557526590420
0.0,0.0,4.51,19.0,1557526590522
0.0,0.0,4.51,19.0,1557526591064
0.0,0.0,4.51,19.0,1557526591065
0.0,0.0,4.51,19.0,1557526591065
0.0,0.0,4.51,19.0,1557526591065
0.0,0.0,4.51,19.0,1557526591066
0.0,0.0,4.51,19.0,1557526591132
0.0,0.0,4.51,19.0,1557526591231
0.0,0.0,4.51,19.0,1557526591333
0.0,0.0,4.51,19.0,1557526591434
0.0,0.0,4.51,19.0,1557526591576
0.0,0.0,4.51,19.0,1557526591637
0.0,0.0,4.51,19.0,1557526591740
0.0,0.0,4.51,19.0,1557526591883
0.0,0.0,4.51,19.0,1557526591940
35.163108825683594,139.6142578125,4.51,19.0,1557526591941
0.0,0.0,4.51,19.0,1557526592043
0.0,0.0,4.51,19.0,1557526592190
0.0,0.0,4.51,19.0,1557526592244
0.0,0.0,4.54,19.0,1557526592346
0.0,0.0,4.54,19.0,1557526592448
0.0,0.0,4.54,19.0,1557526592548
0.0,0.0,4.54,19.0,1557526592702
0.0,0.0,4.54,19.0,1557526592753
0.0,0.0,4.54,19.0,1557526592852
0.0,0.0,4.54,19.0,1557526593009
0.0,0.0,4.54,19.0,1557526593055
0.0,0.0,4.54,19.0,1557526593158
0.0,0.0,4.54,19.0,1557526593315
0.0,0.0,4.54,19.0,1557526593359
0.0,0.0,4.54,19.0,1557526593460
0.0,0.0,4.54,19.0,1557526593561
0.0,0.0,4.54,19.0,1557526593663
0.0,0.0,4.54,19.0,1557526593828
0.0,0.0,4.54,19.0,1557526593867
0.0,0.0,4.54,19.0,1557526593967
0.0,0.0,4.54,19.0,1557526594137
0.0,0.0,4.54,19.0,1557526594170
0.0,0.0,4.54,19.0,1557526594271
0.0,0.0,4.54,19.0,1557526594443
0.0,0.0,4.54,19.0,1557526594482
0.0,0.0,4.54,19.0,1557526594575
0.0,0.0,4.57,19.0,1557526594750
0.0,0.0,4.57,19.0,1557526594780
0.0,0.0,4.57,19.0,1557526594879
0.0,0.0,4.57,19.0,1557526595061
0.0,0.0,4.57,19.0,1557526595085
0.0,0.0,4.57,19.0,1557526595183
0.0,0.0,4.57,19.0,1557526595359
35.16312789916992,139.6142120361328,4.57,19.0,1557526595361
0.0,0.0,4.57,19.0,1557526595388
0.0,0.0,4.57,19.0,1557526595487
0.0,0.0,4.59,19.0,1557526596082
0.0,0.0,4.59,19.0,1557526596083
0.0,0.0,4.59,19.0,1557526596083
0.0,0.0,4.59,19.0,1557526596083
0.0,0.0,4.59,19.0,1557526596084
0.0,0.0,4.59,19.0,1557526596096
0.0,0.0,4.59,19.0,1557526596196
0.0,0.0,4.59,19.0,1557526596297
0.0,0.0,4.62,19.0,1557526596398
0.0,0.0,4.62,19.0,1557526596593
0.0,0.0,4.62,19.0,1557526596601
0.0,0.0,4.62,19.0,1557526596702
0.0,0.0,4.62,19.0,1557526596901
0.0,0.0,4.62,19.0,1557526596905
0.0,0.0,4.62,19.0,1557526597006
0.0,0.0,4.62,19.0,1557526597208
0.0,0.0,4.62,19.0,1557526597211
0.0,0.0,4.65,19.0,1557526597312
0.0,0.0,4.65,19.0,1557526597412
0.0,0.0,4.65,19.0,1557526597513
0.0,0.0,4.65,19.0,1557526597720
0.0,0.0,4.65,19.0,1557526597721
0.0,0.0,4.65,19.0,1557526597819
0.0,0.0,4.65,19.0,1557526597918
0.0,0.0,4.65,19.0,1557526598027
0.0,0.0,4.65,19.0,1557526598121
0.0,0.0,4.65,19.0,1557526598224
0.0,0.0,4.65,19.0,1557526598331
0.0,0.0,4.68,19.0,1557526598425
0.0,0.0,4.68,19.0,1557526598526
0.0,0.0,4.68,19.0,1557526598628
0.0,0.0,4.68,19.0,1557526598729
0.0,0.0,4.68,19.0,1557526598849
0.0,0.0,4.68,19.0,1557526598932
0.0,0.0,4.68,19.0,1557526599033
0.0,0.0,4.7,19.0,1557526599153
0.0,0.0,4.7,19.0,1557526599241
0.0,0.0,4.7,19.0,1557526599337
0.0,0.0,4.7,19.0,1557526599460
0.0,0.0,4.7,19.0,1557526599540
0.0,0.0,4.73,19.0,1557526599641
0.0,0.0,4.73,19.0,1557526599768
0.0,0.0,4.73,19.0,1557526599847
0.0,0.0,4.73,19.0,1557526599945
35.163169860839844,139.61416625976562,4.73,19.0,1557526599947
0.0,0.0,4.73,19.0,1557526600078
0.0,0.0,4.73,19.0,1557526600148
0.0,0.0,4.76,19.0,1557526600249
0.0,0.0,4.76,19.0,1557526600381
0.0,0.0,4.76,19.0,1557526600452
0.0,0.0,4.76,19.0,1557526601099
0.0,0.0,4.76,19.0,1557526601100
0.0,0.0,4.76,19.0,1557526601100
0.0,0.0,4.76,19.0,1557526601100
0.0,0.0,4.79,19.0,1557526601101
0.0,0.0,4.79,19.0,1557526601101
0.0,0.0,4.79,19.0,1557526601161
0.0,0.0,4.79,19.0,1557526601262
0.0,0.0,4.79,19.0,1557526601364
0.0,0.0,4.81,19.0,1557526601465
0.0,0.0,4.81,19.0,1557526601566
0.0,0.0,4.81,19.0,1557526601667
0.0,0.0,4.81,19.0,1557526601816
0.0,0.0,4.81,19.0,1557526601873
0.0,0.0,4.81,19.0,1557526601971
0.0,0.0,4.81,19.0,1557526602123
0.0,0.0,4.81,19.0,1557526602174
0.0,0.0,4.81,19.0,1557526602276
0.0,0.0,4.81,19.0,1557526602377
0.0,0.0,4.81,19.0,1557526602478
0.0,0.0,4.81,19.0,1557526602579
0.0,0.0,4.81,19.0,1557526602681
0.0,0.0,4.81,19.0,1557526602840
0.0,0.0,4.84,19.0,1557526602889
0.0,0.0,4.84,19.0,1557526602985
0.0,0.0,4.84,19.0,1557526603147
0.0,0.0,4.87,19.0,1557526603187
0.0,0.0,4.87,19.0,1557526603289
0.0,0.0,4.87,19.0,1557526603390
35.16321563720703,139.61415100097656,4.87,19.0,1557526603391
0.0,0.0,4.87,19.0,1557526603491
0.0,0.0,4.87,19.0,1557526603593
0.0,0.0,4.87,19.0,1557526603694
0.0,0.0,4.87,19.0,1557526603865
0.0,0.0,4.87,19.0,1557526603901
0.0,0.0,4.87,19.0,1557526603998
0.0,0.0,4.9,19.0,1557526604171
0.0,0.0,4.9,19.0,1557526604201
0.0,0.0,4.9,19.0,1557526604302
0.0,0.0,4.9,19.0,1557526604478
0.0,0.0,4.9,19.0,1557526604507
0.0,0.0,4.9,19.0,1557526604607
0.0,0.0,4.9,19.0,1557526604785
0.0,0.0,4.92,19.0,1557526604809
0.0,0.0,4.92,19.0,1557526604912
0.0,0.0,4.92,19.0,1557526605092
0.0,0.0,4.92,19.0,1557526605113
0.0,0.0,4.92,19.0,1557526605214
0.0,0.0,4.92,19.0,1557526605400
0.0,0.0,4.92,19.0,1557526605417
0.0,0.0,4.95,19.0,1557526605518
0.0,0.0,4.95,19.0,1557526605628
0.0,0.0,4.95,19.0,1557526605721
0.0,0.0,4.95,19.0,1557526605914
0.0,0.0,4.95,19.0,1557526605937
0.0,0.0,4.95,19.0,1557526606026
0.0,0.0,4.95,19.0,1557526606674
0.0,0.0,4.95,19.0,1557526606691
0.0,0.0,4.95,19.0,1557526606692
0.0,0.0,4.95,19.0,1557526606693
0.0,0.0,4.95,19.0,1557526606693
0.0,0.0,4.95,19.0,1557526606693
0.0,0.0,4.95,19.0,1557526606736
0.0,0.0,4.95,19.0,1557526606836
0.0,0.0,4.98,19.0,1557526606939
35.16325759887695,139.61412048339844,4.98,19.0,1557526606940
0.0,0.0,4.98,19.0,1557526607038
0.0,0.0,4.98,19.0,1557526607243
0.0,0.0,4.98,19.0,1557526607244
0.0,0.0,4.98,19.0,1557526607343
0.0,0.0,4.98,19.0,1557526607452
0.0,0.0,5.01,19.0,1557526607545
0.0,0.0,5.01,19.0,1557526607651
0.0,0.0,5.01,19.0,1557526607748
0.0,0.0,5.01,19.0,1557526607849
0.0,0.0,5.01,19.0,1557526607960
0.0,0.0,5.01,19.0,1557526608052
0.0,0.0,5.01,19.0,1557526608153
0.0,0.0,5.01,19.0,1557526608267
0.0,0.0,5.01,19.0,1557526608356
0.0,0.0,5.01,19.0,1557526608457
0.0,0.0,5.01,19.0,1557526608558
0.0,0.0,5.01,19.0,1557526608660
0.0,0.0,5.01,19.0,1557526608779
0.0,0.0,5.01,19.0,1557526608864
0.0,0.0,5.01,19.0,1557526608966
0.0,0.0,5.03,19.0,1557526609086
0.0,0.0,5.03,19.0,1557526609166
0.0,0.0,5.03,19.0,1557526609268
0.0,0.0,5.03,19.0,1557526609393
0.0,0.0,5.03,19.0,1557526609481
0.0,0.0,5.03,19.0,1557526609572
0.0,0.0,5.03,19.0,1557526609700
0.0,0.0,5.03,19.0,1557526609774
0.0,0.0,5.03,19.0,1557526609876
0.0,0.0,5.03,19.0,1557526610008
0.0,0.0,5.03,19.0,1557526610079
0.0,0.0,5.03,19.0,1557526610182
0.0,0.0,5.03,19.0,1557526610315
0.0,0.0,5.03,19.0,1557526610383
0.0,0.0,5.06,19.0,1557526610484
0.0,0.0,5.06,19.0,1557526610585
0.0,0.0,5.06,19.0,1557526610687
0.0,0.0,5.06,19.0,1557526610828
0.0,0.0,5.06,19.0,1557526610889
0.0,0.0,5.06,19.0,1557526610992
0.0,0.0,5.06,19.0,1557526611134
0.0,0.0,5.06,19.0,1557526611749
0.0,0.0,5.06,19.0,1557526611750
0.0,0.0,5.06,19.0,1557526611750
0.0,0.0,5.06,19.0,1557526611751
0.0,0.0,5.06,19.0,1557526611751
0.0,0.0,5.06,19.0,1557526611768
35.16329574584961,139.61407470703125,5.06,19.0,1557526611775
0.0,0.0,5.09,19.0,1557526611804
0.0,0.0,5.09,19.0,1557526611908
0.0,0.0,5.09,19.0,1557526612006
0.0,0.0,5.09,19.0,1557526612105
0.0,0.0,5.09,19.0,1557526612261
0.0,0.0,5.09,19.0,1557526612310
0.0,0.0,5.09,19.0,1557526612409
0.0,0.0,5.09,19.0,1557526612568
0.0,0.0,5.09,19.0,1557526612614
0.0,0.0,5.12,19.0,1557526612713
0.0,0.0,5.12,19.0,1557526612815
0.0,0.0,5.12,19.0,1557526612916
0.0,0.0,5.12,19.0,1557526613020
0.0,0.0,5.12,19.0,1557526613119
0.0,0.0,5.12,19.0,1557526613284
0.0,0.0,5.12,19.0,1557526613321
0.0,0.0,5.12,19.0,1557526613423
0.0,0.0,5.14,19.0,1557526613592
0.0,0.0,5.14,19.0,1557526613630
0.0,0.0,5.12,19.0,1557526613727
0.0,0.0,5.12,19.0,1557526613837
0.0,0.0,5.12,19.0,1557526613930
0.0,0.0,5.12,19.0,1557526614033
0.0,0.0,5.14,19.0,1557526614132
0.0,0.0,5.14,19.0,1557526614234
0.0,0.0,5.14,19.0,1557526614417
0.0,0.0,5.14,19.0,1557526614436
0.0,0.0,5.14,19.0,1557526614537
35.16331100463867,139.6140594482422,5.14,19.0,1557526614538
0.0,0.0,5.14,19.0,1557526614718
0.0,0.0,5.14,19.0,1557526614741
0.0,0.0,5.14,19.0,1557526614844
0.0,0.0,5.14,19.0,1557526615025
0.0,0.0,5.14,19.0,1557526615046
0.0,0.0,5.14,19.0,1557526615145
0.0,0.0,5.14,19.0,1557526615332
0.0,0.0,5.14,19.0,1557526615348
0.0,0.0,5.14,19.0,1557526615449
0.0,0.0,5.14,19.0,1557526615640
0.0,0.0,5.14,19.0,1557526615652
0.0,0.0,5.14,19.0,1557526615753
0.0,0.0,5.14,19.0,1557526615883
0.0,0.0,5.14,19.0,1557526615956
0.0,0.0,5.14,19.0,1557526616059
0.0,0.0,5.14,19.0,1557526616676
0.0,0.0,5.14,19.0,1557526616677
0.0,0.0,5.14,19.0,1557526616677
0.0,0.0,5.14,19.0,1557526616677
0.0,0.0,5.14,19.0,1557526616713
0.0,0.0,5.14,19.0,1557526616714
0.0,0.0,5.14,19.0,1557526616767
0.0,0.0,5.14,19.0,1557526616868
35.1633186340332,139.61402893066406,5.14,19.0,1557526616869
0.0,0.0,5.14,19.0,1557526616970
0.0,0.0,5.14,19.0,1557526617073
0.0,0.0,5.14,19.0,1557526617278
0.0,0.0,5.14,19.0,1557526617279
0.0,0.0,5.14,19.0,1557526617375
0.0,0.0,5.17,19.0,1557526617476
0.0,0.0,5.17,19.0,1557526617586
0.0,0.0,5.17,19.0,1557526617679
0.0,0.0,5.17,19.0,1557526617780
0.0,0.0,5.17,19.0,1557526617882
0.0,0.0,5.17,19.0,1557526617983
0.0,0.0,5.17,19.0,1557526618087
0.0,0.0,5.17,19.0,1557526618186
0.0,0.0,5.17,19.0,1557526618302
0.0,0.0,5.17,19.0,1557526618388
0.0,0.0,5.17,19.0,1557526618490
0.0,0.0,5.17,19.0,1557526618609
0.0,0.0,5.17,19.0,1557526618692
0.0,0.0,5.2,19.0,1557526618793
0.0,0.0,5.2,19.0,1557526618895
0.0,0.0,5.2,19.0,1557526618998
0.0,0.0,5.2,19.0,1557526619100
0.0,0.0,5.2,19.0,1557526619199
35.163330078125,139.6139678955078,5.2,19.0,1557526619200
0.0,0.0,5.2,19.0,1557526619326
0.0,0.0,5.2,19.0,1557526619401
0.0,0.0,5.2,19.0,1557526619503
0.0,0.0,5.22,19.0,1557526619633
0.0,0.0,5.22,19.0,1557526619807
0.0,0.0,5.22,19.0,1557526619940
0.0,0.0,5.22,19.0,1557526620010
0.0,0.0,5.22,19.0,1557526620113
0.0,0.0,5.22,19.0,1557526620246
0.0,0.0,5.22,19.0,1557526620314
0.0,0.0,5.22,19.0,1557526620417
0.0,0.0,5.22,19.0,1557526620555
0.0,0.0,5.22,19.0,1557526620620
0.0,0.0,5.22,19.0,1557526620721
0.0,0.0,5.22,19.0,1557526620862
0.0,0.0,5.25,19.0,1557526620924
0.0,0.0,5.25,19.0,1557526621025
0.0,0.0,5.25,19.0,1557526621129
0.0,0.0,5.25,19.0,1557526621680
0.0,0.0,5.25,19.0,1557526621681
35.16333770751953,139.6139373779297,5.25,19.0,1557526621683
0.0,0.0,5.25,19.0,1557526621684
0.0,0.0,5.25,19.0,1557526621685
0.0,0.0,5.25,19.0,1557526621694
0.0,0.0,5.25,19.0,1557526621734
0.0,0.0,5.25,19.0,1557526621836
0.0,0.0,5.25,19.0,1557526621937
0.0,0.0,5.25,19.0,1557526622040
0.0,0.0,5.25,19.0,1557526622193
0.0,0.0,5.25,19.0,1557526622242
0.0,0.0,5.25,19.0,1557526622343
0.0,0.0,5.25,19.0,1557526622500
0.0,0.0,5.25,19.0,1557526622545
0.0,0.0,5.25,19.0,1557526622646
0.0,0.0,5.25,19.0,1557526622808
0.0,0.0,5.25,19.0,1557526622851
0.0,0.0,5.25,19.0,1557526622950
0.0,0.0,5.25,19.0,1557526623052
0.0,0.0,5.22,19.0,1557526623155
0.0,0.0,5.22,19.0,1557526623320
0.0,0.0,5.22,19.0,1557526623356
0.0,0.0,5.22,19.0,1557526623457
0.0,0.0,5.22,19.0,1557526623628
0.0,0.0,5.25,19.0,1557526623660
0.0,0.0,5.25,19.0,1557526623761
0.0,0.0,5.25,19.0,1557526623917
0.0,0.0,5.25,19.0,1557526623964
0.0,0.0,5.25,19.0,1557526624065
0.0,0.0,5.25,19.0,1557526624170
0.0,0.0,5.22,19.0,1557526624269
0.0,0.0,5.22,19.0,1557526624446
0.0,0.0,5.22,19.0,1557526624471
0.0,0.0,5.22,19.0,1557526624572
0.0,0.0,5.22,19.0,1557526624753
0.0,0.0,5.22,19.0,1557526624774
0.0,0.0,5.22,19.0,1557526624876
0.0,0.0,5.25,19.0,1557526625060
0.0,0.0,5.25,19.0,1557526625079
0.0,0.0,5.25,19.0,1557526625182
0.0,0.0,5.25,19.0,1557526625368
35.163352966308594,139.61386108398438,5.25,19.0,1557526625368
0.0,0.0,5.25,19.0,1557526625383
0.0,0.0,5.25,19.0,1557526625484
0.0,0.0,5.25,19.0,1557526625675
0.0,0.0,5.25,19.0,1557526625688
0.0,0.0,5.25,19.0,1557526625788
0.0,0.0,5.25,19.0,1557526625961
0.0,0.0,5.25,19.0,1557526625990
0.0,0.0,5.25,19.0,1557526626092
0.0,0.0,5.25,19.0,1557526626701
0.0,0.0,5.25,19.0,1557526626701
0.0,0.0,5.25,19.0,1557526626701
0.0,0.0,5.25,19.0,1557526626702
0.0,0.0,5.25,19.0,1557526626702
0.0,0.0,5.25,19.0,1557526626702
0.0,0.0,5.25,19.0,1557526626801
0.0,0.0,5.25,19.0,1557526626903
0.0,0.0,5.25,19.0,1557526627004
0.0,0.0,5.25,19.0,1557526627105
0.0,0.0,5.25,19.0,1557526627313
0.0,0.0,5.25,19.0,1557526627314
0.0,0.0,5.25,19.0,1557526627409
0.0,0.0,5.25,19.0,1557526627510
0.0,0.0,5.25,19.0,1557526627620
0.0,0.0,5.25,19.0,1557526627713
35.16335678100586,139.6138458251953,5.25,19.0,1557526627714
0.0,0.0,5.25,19.0,1557526627815
0.0,0.0,5.25,19.0,1557526627918
0.0,0.0,5.25,19.0,1557526628017
0.0,0.0,5.25,19.0,1557526628119
0.0,0.0,5.25,19.0,1557526628222
0.0,0.0,5.25,19.0,1557526628337
0.0,0.0,5.25,19.0,1557526628423
0.0,0.0,5.25,19.0,1557526628524
0.0,0.0,5.25,19.0,1557526628644
0.0,0.0,5.28,19.0,1557526628727
0.0,0.0,5.28,19.0,1557526628828
0.0,0.0,5.28,19.0,1557526628933
0.0,0.0,5.28,19.0,1557526629031
0.0,0.0,5.28,19.0,1557526629132
0.0,0.0,5.28,19.0,1557526629235
0.0,0.0,5.28,19.0,1557526629335
0.0,0.0,5.28,19.0,1557526629464
0.0,0.0,5.28,19.0,1557526629537
0.0,0.0,5.28,19.0,1557526629638
0.0,0.0,5.28,19.0,1557526629771
0.0,0.0,5.28,19.0,1557526629844
0.0,0.0,5.28,19.0,1557526630078
35.163368225097656,139.61383056640625,5.28,19.0,1557526630079
0.0,0.0,5.28,19.0,1557526630145
0.0,0.0,5.28,19.0,1557526630249
0.0,0.0,5.28,19.0,1557526630385
0.0,0.0,5.28,19.0,1557526630450
0.0,0.0,5.28,19.0,1557526630551
0.0,0.0,5.28,19.0,1557526630795
0.0,0.0,5.28,19.0,1557526630796
0.0,0.0,5.28,19.0,1557526630854
0.0,0.0,5.28,19.0,1557526630956
0.0,0.0,5.28,19.0,1557526631058
0.0,0.0,5.31,19.0,1557526631159
0.0,0.0,5.31,19.0,1557526631307
0.0,0.0,5.28,19.0,1557526631361
0.0,0.0,5.28,19.0,1557526631463
0.0,0.0,5.28,19.0,1557526632106
0.0,0.0,5.28,19.0,1557526632117
0.0,0.0,5.28,19.0,1557526632119
0.0,0.0,5.28,19.0,1557526632120
0.0,0.0,5.28,19.0,1557526632129
0.0,0.0,5.28,19.0,1557526632129
0.0,0.0,5.28,19.0,1557526632172
0.0,0.0,5.28,19.0,1557526632275
0.0,0.0,5.28,19.0,1557526632375
0.0,0.0,5.28,19.0,1557526632476
0.0,0.0,5.25,19.0,1557526632638
0.0,0.0,5.25,19.0,1557526632679
0.0,0.0,5.25,19.0,1557526632780
0.0,0.0,5.25,19.0,1557526632929
0.0,0.0,5.22,19.0,1557526632983
0.0,0.0,5.22,19.0,1557526633084
0.0,0.0,5.22,19.0,1557526633186
0.0,0.0,5.2,19.0,1557526633289
0.0,0.0,5.17,19.0,1557526633457
0.0,0.0,5.17,19.0,1557526633489
0.0,0.0,5.14,19.0,1557526633591
0.0,0.0,5.12,19.0,1557526633764
35.163387298583984,139.61378479003906,5.12,19.0,1557526633765
0.0,0.0,5.09,19.0,1557526633805
0.0,0.0,5.06,19.0,1557526633897
0.0,0.0,5.03,19.0,1557526633996
0.0,0.0,4.98,19.0,1557526634097
0.0,0.0,4.95,19.0,1557526634276
0.0,0.0,4.92,19.0,1557526634302
0.0,0.0,4.9,19.0,1557526634401
0.0,0.0,4.84,19.0,1557526634584
0.0,0.0,4.81,19.0,1557526634603
0.0,0.0,4.76,19.0,1557526634705
0.0,0.0,4.73,19.0,1557526634807
0.0,0.0,4.7,19.0,1557526634907
0.0,0.0,4.65,19.0,1557526635096
0.0,0.0,4.62,19.0,1557526635111
0.0,0.0,4.57,19.0,1557526635211
0.0,0.0,4.54,19.0,1557526635403
0.0,0.0,4.51,19.0,1557526635414
0.0,0.0,4.49,19.0,1557526635515
0.0,0.0,4.46,19.0,1557526635710
0.0,0.0,4.4,19.0,1557526635718
0.0,0.0,4.38,19.0,1557526635819
0.0,0.0,4.35,19.0,1557526635997
0.0,0.0,4.32,19.0,1557526636022
0.0,0.0,4.27,19.0,1557526636123
35.16339874267578,139.61375427246094,4.27,19.0,1557526636123
0.0,0.0,4.27,19.0,1557526636224
0.0,0.0,4.24,19.0,1557526636327
0.0,0.0,4.21,19.0,1557526636528
0.0,0.0,4.18,19.0,1557526636534
0.0,0.0,4.13,19.0,1557526637106
0.0,0.0,4.13,19.0,1557526637134
0.0,0.0,4.07,19.0,1557526637135
0.0,0.0,4.07,19.0,1557526637135
0.0,0.0,4.05,19.0,1557526637136
0.0,0.0,4.02,19.0,1557526637144
0.0,0.0,4.02,19.0,1557526637237
0.0,0.0,3.99,19.0,1557526637340
0.0,0.0,3.99,19.0,1557526637439
0.0,0.0,3.97,19.0,1557526637552
0.0,0.0,3.97,19.0,1557526637643
0.0,0.0,3.94,19.0,1557526637743
0.0,0.0,3.94,19.0,1557526637863
0.0,0.0,3.94,19.0,1557526637947
0.0,0.0,3.94,19.0,1557526638047
0.0,0.0,3.94,19.0,1557526638168
0.0,0.0,3.94,19.0,1557526638250
0.0,0.0,3.94,19.0,1557526638353
0.0,0.0,3.94,19.0,1557526638452
0.0,0.0,3.94,19.0,1557526638553
0.0,0.0,3.91,19.0,1557526638679
0.0,0.0,3.91,19.0,1557526638756
0.0,0.0,3.91,19.0,1557526638857
0.0,0.0,3.94,19.0,1557526638987
0.0,0.0,3.91,19.0,1557526639061
0.0,0.0,3.91,19.0,1557526639161
0.0,0.0,3.94,19.0,1557526639262
0.0,0.0,3.94,19.0,1557526639368
0.0,0.0,3.91,19.0,1557526639465
0.0,0.0,3.91,19.0,1557526639568
35.16342544555664,139.6137237548828,3.91,19.0,1557526639570
0.0,0.0,3.91,19.0,1557526639704
0.0,0.0,3.91,19.0,1557526639769
0.0,0.0,3.94,19.0,1557526639871
0.0,0.0,3.94,19.0,1557526640011
0.0,0.0,3.97,19.0,1557526640073
0.0,0.0,3.99,19.0,1557526640175
0.0,0.0,4.02,19.0,1557526640318
0.0,0.0,4.02,19.0,1557526640379
0.0,0.0,4.05,19.0,1557526640478
0.0,0.0,4.07,19.0,1557526640624
0.0,0.0,4.1,19.0,1557526640681
0.0,0.0,4.13,19.0,1557526640782
0.0,0.0,4.16,19.0,1557526641035
0.0,0.0,4.21,19.0,1557526641035
0.0,0.0,4.24,19.0,1557526641087
0.0,0.0,4.29,19.0,1557526641188
0.0,0.0,4.32,19.0,1557526641289
0.0,0.0,4.35,19.0,1557526641393
0.0,0.0,4.38,19.0,1557526641492
0.0,0.0,4.43,19.0,1557526641593
0.0,0.0,4.49,19.0,1557526642162
0.0,0.0,4.51,19.0,1557526642163
0.0,0.0,4.57,19.0,1557526642164
0.0,0.0,4.62,19.0,1557526642164
0.0,0.0,4.65,19.0,1557526642165
0.0,0.0,4.68,19.0,1557526642203
0.0,0.0,4.73,19.0,1557526642305
0.0,0.0,4.79,19.0,1557526642406
0.0,0.0,4.84,19.0,1557526642506
0.0,0.0,4.9,19.0,1557526642672
0.0,0.0,4.95,19.0,1557526642713
0.0,0.0,5.01,19.0,1557526642810
0.0,0.0,5.06,19.0,1557526642981
0.0,0.0,5.12,19.0,1557526643014
0.0,0.0,5.14,19.0,1557526643114
0.0,0.0,5.2,19.0,1557526643216
35.163455963134766,139.6136932373047,5.2,19.0,1557526643216
0.0,0.0,5.25,19.0,1557526643317
0.0,0.0,5.28,19.0,1557526643420
0.0,0.0,5.31,19.0,1557526643520
0.0,0.0,5.36,19.0,1557526643697
0.0,0.0,5.42,19.0,1557526643723
0.0,0.0,5.42,19.0,1557526643825
0.0,0.0,5.47,19.0,1557526644004
0.0,0.0,5.53,19.0,1557526644128
0.0,0.0,5.53,19.0,1557526644231
0.0,0.0,5.55,19.0,1557526644331
0.0,0.0,5.58,19.0,1557526644435
0.0,0.0,5.58,19.0,1557526644534
0.0,0.0,5.64,19.0,1557526644636
0.0,0.0,5.64,19.0,1557526644737
0.0,0.0,5.66,19.0,1557526644838
0.0,0.0,5.66,19.0,1557526644939
0.0,0.0,5.69,19.0,1557526645143
0.0,0.0,5.72,19.0,1557526645244
0.0,0.0,5.72,19.0,1557526645438
0.0,0.0,5.72,19.0,1557526645448
0.0,0.0,5.74,19.0,1557526645547
35.163475036621094,139.61367797851562,5.74,19.0,1557526645548
0.0,0.0,5.74,19.0,1557526645745
0.0,0.0,5.74,19.0,1557526645753
0.0,0.0,5.74,19.0,1557526645852
0.0,0.0,5.74,19.0,1557526646052
0.0,0.0,5.74,19.0,1557526646061
0.0,0.0,5.74,19.0,1557526646155
0.0,0.0,5.74,19.0,1557526646282
0.0,0.0,5.77,19.0,1557526646358
0.0,0.0,5.77,19.0,1557526646462
0.0,0.0,5.77,19.0,1557526646561
0.0,0.0,5.77,19.0,1557526646663
0.0,0.0,5.77,19.0,1557526646769
0.0,0.0,5.8,19.0,1557526646865
0.0,0.0,5.8,19.0,1557526646966
0.0,0.0,5.8,19.0,1557526647076
0.0,0.0,5.8,19.0,1557526647169
0.0,0.0,5.8,19.0,1557526647270
0.0,0.0,5.8,19.0,1557526647372
0.0,0.0,5.8,19.0,1557526647475
0.0,0.0,5.8,19.0,1557526647588
0.0,0.0,5.83,19.0,1557526647676
0.0,0.0,5.83,19.0,1557526647777
0.0,0.0,5.83,19.0,1557526648383
0.0,0.0,5.83,19.0,1557526648384
0.0,0.0,5.83,19.0,1557526648384
0.0,0.0,5.83,19.0,1557526648384
0.0,0.0,5.83,19.0,1557526648385
0.0,0.0,5.83,19.0,1557526648385
0.0,0.0,5.83,19.0,1557526648489
0.0,0.0,5.8,19.0,1557526648588
0.0,0.0,5.8,19.0,1557526648689
0.0,0.0,5.8,19.0,1557526648817
0.0,0.0,5.8,19.0,1557526648892
35.163509368896484,139.6136474609375,5.8,19.0,1557526648893
0.0,0.0,5.77,19.0,1557526649032
0.0,0.0,5.77,19.0,1557526649123
0.0,0.0,5.77,19.0,1557526649197
0.0,0.0,5.74,19.0,1557526649298
0.0,0.0,5.74,19.0,1557526649398
0.0,0.0,5.72,19.0,1557526649502
0.0,0.0,5.69,19.0,1557526649636
0.0,0.0,5.69,19.0,1557526649702
0.0,0.0,5.66,19.0,1557526649804
0.0,0.0,5.64,19.0,1557526649955
0.0,0.0,5.64,19.0,1557526650006
0.0,0.0,5.64,19.0,1557526650108
0.0,0.0,5.61,19.0,1557526650252
0.0,0.0,5.58,19.0,1557526650317
0.0,0.0,5.55,19.0,1557526650413
0.0,0.0,5.55,19.0,1557526650558
0.0,0.0,5.53,19.0,1557526650615
0.0,0.0,5.5,19.0,1557526650717
0.0,0.0,5.44,19.0,1557526650865
0.0,0.0,5.42,19.0,1557526650918
0.0,0.0,5.39,19.0,1557526651020
0.0,0.0,5.36,19.0,1557526651172
35.16352844238281,139.61363220214844,5.36,19.0,1557526651184
0.0,0.0,5.33,19.0,1557526651223
0.0,0.0,5.31,19.0,1557526651324
0.0,0.0,5.28,19.0,1557526651429
0.0,0.0,5.25,19.0,1557526651528
0.0,0.0,5.22,19.0,1557526651787
0.0,0.0,5.2,19.0,1557526651790
0.0,0.0,5.2,19.0,1557526651830
0.0,0.0,5.17,19.0,1557526651932
0.0,0.0,5.14,19.0,1557526652094
0.0,0.0,5.14,19.0,1557526652134
0.0,0.0,5.12,19.0,1557526652236
0.0,0.0,5.09,19.0,1557526652337
0.0,0.0,5.06,19.0,1557526652438
0.0,0.0,5.06,19.0,1557526653016
0.0,0.0,5.06,19.0,1557526653017
0.0,0.0,5.03,19.0,1557526653018
0.0,0.0,5.03,19.0,1557526653023
0.0,0.0,5.03,19.0,1557526653024
0.0,0.0,5.01,19.0,1557526653046
0.0,0.0,5.01,19.0,1557526653147
0.0,0.0,5.01,19.0,1557526653249
0.0,0.0,4.98,19.0,1557526653350
0.0,0.0,4.98,19.0,1557526653451
0.0,0.0,5.01,19.0,1557526653555
35.16354751586914,139.61361694335938,5.01,19.0,1557526653555
0.0,0.0,4.98,19.0,1557526653732
0.0,0.0,5.01,19.0,1557526653767
0.0,0.0,5.03,19.0,1557526653857
0.0,0.0,5.09,19.0,1557526654040
0.0,0.0,5.12,19.0,1557526654059
0.0,0.0,5.14,19.0,1557526654161
0.0,0.0,5.17,19.0,1557526654347
0.0,0.0,5.22,19.0,1557526654363
0.0,0.0,5.25,19.0,1557526654465
0.0,0.0,5.31,19.0,1557526654568
0.0,0.0,5.33,19.0,1557526654667
0.0,0.0,5.36,19.0,1557526654858
0.0,0.0,5.39,19.0,1557526654871
0.0,0.0,5.44,19.0,1557526654972
0.0,0.0,5.47,19.0,1557526655166
0.0,0.0,5.5,19.0,1557526655175
0.0,0.0,5.53,19.0,1557526655276
0.0,0.0,5.55,19.0,1557526655408
0.0,0.0,5.61,19.0,1557526655479
0.0,0.0,5.64,19.0,1557526655583
0.0,0.0,5.69,19.0,1557526655681
0.0,0.0,5.72,19.0,1557526655783
0.0,0.0,5.74,19.0,1557526655985
0.0,0.0,5.77,19.0,1557526655986
0.0,0.0,5.83,19.0,1557526656087
0.0,0.0,5.85,19.0,1557526656293
0.0,0.0,5.91,19.0,1557526656295
0.0,0.0,5.94,19.0,1557526656392
0.0,0.0,5.94,19.0,1557526656494
0.0,0.0,5.99,19.0,1557526656709
0.0,0.0,6.02,19.0,1557526656710
0.0,0.0,6.05,19.0,1557526656797
0.0,0.0,6.07,19.0,1557526656898
0.0,0.0,6.1,19.0,1557526657009
35.16358184814453,139.61358642578125,6.1,19.0,1557526657009
0.0,0.0,6.1,19.0,1557526657556
0.0,0.0,6.1,19.0,1557526657556
0.0,0.0,6.1,19.0,1557526657557
0.0,0.0,6.1,19.0,1557526657558
0.0,0.0,6.13,19.0,1557526657558
0.0,0.0,6.13,19.0,1557526657610
0.0,0.0,6.13,19.0,1557526657709
0.0,0.0,6.13,19.0,1557526657810
0.0,0.0,6.13,19.0,1557526657912
0.0,0.0,6.13,19.0,1557526658033
0.0,0.0,6.13,19.0,1557526658120
0.0,0.0,6.16,19.0,1557526658216
0.0,0.0,6.16,19.0,1557526658317
0.0,0.0,6.16,19.0,1557526658419
0.0,0.0,6.16,19.0,1557526658520
0.0,0.0,6.16,19.0,1557526658623
0.0,0.0,6.16,19.0,1557526658750
0.0,0.0,6.16,19.0,1557526658824
0.0,0.0,6.18,19.0,1557526658927
0.0,0.0,6.21,19.0,1557526659057
0.0,0.0,6.21,19.0,1557526659129
0.0,0.0,6.21,19.0,1557526659230
0.0,0.0,6.24,19.0,1557526659364
0.0,0.0,6.24,19.0,1557526659433
0.0,0.0,6.27,19.0,1557526659534
0.0,0.0,6.29,19.0,1557526659636
0.0,0.0,6.29,19.0,1557526659736
0.0,0.0,6.29,19.0,1557526659876
0.0,0.0,6.29,19.0,1557526659943
0.0,0.0,6.29,19.0,1557526660040
0.0,0.0,6.32,19.0,1557526660184
0.0,0.0,6.32,19.0,1557526660243
0.0,0.0,6.32,19.0,1557526660344
0.0,0.0,6.32,19.0,1557526660445
0.0,0.0,6.32,19.0,1557526660547
0.0,0.0,6.32,19.0,1557526660650
0.0,0.0,6.32,19.0,1557526660749
0.0,0.0,6.35,19.0,1557526660902
0.0,0.0,6.35,19.0,1557526660952
0.0,0.0,6.35,19.0,1557526661053
0.0,0.0,6.35,19.0,1557526661207
0.0,0.0,6.35,19.0,1557526661257
0.0,0.0,6.35,19.0,1557526661357
0.0,0.0,6.37,19.0,1557526661515
0.0,0.0,6.37,19.0,1557526661562
35.163604736328125,139.61354064941406,6.37,19.0,1557526661582
0.0,0.0,6.37,19.0,1557526661664
0.0,0.0,6.37,19.0,1557526661824
0.0,0.0,6.37,19.0,1557526661867
0.0,0.0,6.37,19.0,1557526661966
0.0,0.0,6.37,19.0,1557526662555
0.0,0.0,6.37,19.0,1557526662556
0.0,0.0,6.35,19.0,1557526662561
0.0,0.0,6.35,19.0,1557526662594
0.0,0.0,6.35,19.0,1557526662597
0.0,0.0,6.35,19.0,1557526662598
0.0,0.0,6.32,19.0,1557526662677
0.0,0.0,6.29,19.0,1557526662776
0.0,0.0,6.27,19.0,1557526662878
0.0,0.0,6.27,19.0,1557526663051
0.0,0.0,6.27,19.0,1557526663082
0.0,0.0,6.27,19.0,1557526663182
0.0,0.0,6.24,19.0,1557526663358
0.0,0.0,6.21,19.0,1557526663385
0.0,0.0,6.21,19.0,1557526663486
0.0,0.0,6.18,19.0,1557526663665
0.0,0.0,6.18,19.0,1557526663691
0.0,0.0,6.16,19.0,1557526663790
35.163612365722656,139.61351013183594,6.16,19.0,1557526663790
0.0,0.0,6.16,19.0,1557526663974
0.0,0.0,6.13,19.0,1557526663992
0.0,0.0,6.13,19.0,1557526664094
0.0,0.0,6.13,19.0,1557526664280
0.0,0.0,6.1,19.0,1557526664297
0.0,0.0,6.1,19.0,1557526664398
0.0,0.0,6.07,19.0,1557526664601
0.0,0.0,6.05,19.0,1557526664791
0.0,0.0,6.05,19.0,1557526664804
0.0,0.0,6.05,19.0,1557526664905
0.0,0.0,6.02,19.0,1557526665099
0.0,0.0,5.99,19.0,1557526665108
0.0,0.0,5.96,19.0,1557526665209
0.0,0.0,5.94,19.0,1557526665406
0.0,0.0,5.88,19.0,1557526665411
0.0,0.0,5.83,19.0,1557526665513
0.0,0.0,5.8,19.0,1557526665614
0.0,0.0,5.77,19.0,1557526665717
0.0,0.0,5.72,19.0,1557526665918
0.0,0.0,5.66,19.0,1557526665925
0.0,0.0,5.61,19.0,1557526666019
0.0,0.0,5.58,19.0,1557526666225
0.0,0.0,5.53,19.0,1557526666226
0.0,0.0,5.47,19.0,1557526666324
0.0,0.0,5.42,19.0,1557526666424
0.0,0.0,5.39,19.0,1557526666532
0.0,0.0,5.33,19.0,1557526666628
0.0,0.0,5.31,19.0,1557526666733
0.0,0.0,5.25,19.0,1557526666839
0.0,0.0,5.22,19.0,1557526666931
0.0,0.0,5.17,19.0,1557526667033
0.0,0.0,5.12,19.0,1557526667605
35.16362762451172,139.6134490966797,5.12,19.0,1557526667607
0.0,0.0,5.06,19.0,1557526667625
0.0,0.0,5.01,19.0,1557526667634
0.0,0.0,4.92,19.0,1557526667634
0.0,0.0,4.9,19.0,1557526667636
0.0,0.0,4.84,19.0,1557526667650
0.0,0.0,4.79,19.0,1557526667743
0.0,0.0,4.73,19.0,1557526667846
0.0,0.0,4.65,19.0,1557526667944
0.0,0.0,4.59,19.0,1557526668068
0.0,0.0,4.54,19.0,1557526668147
0.0,0.0,4.49,19.0,1557526668248
0.0,0.0,4.43,19.0,1557526668375
0.0,0.0,4.4,19.0,1557526668450
0.0,0.0,4.35,19.0,1557526668551
0.0,0.0,4.35,19.0,1557526668683
0.0,0.0,4.32,19.0,1557526668756
0.0,0.0,4.27,19.0,1557526668855
0.0,0.0,4.24,19.0,1557526668990
0.0,0.0,4.21,19.0,1557526669058
0.0,0.0,4.21,19.0,1557526669159
0.0,0.0,4.18,19.0,1557526669297
0.0,0.0,4.21,19.0,1557526669361
0.0,0.0,4.18,19.0,1557526669463
0.0,0.0,4.16,19.0,1557526669564
0.0,0.0,4.16,19.0,1557526669665
0.0,0.0,4.13,19.0,1557526669809
0.0,0.0,4.13,19.0,1557526669869
0.0,0.0,4.1,19.0,1557526669970
0.0,0.0,4.1,19.0,1557526670116
0.0,0.0,4.07,19.0,1557526670172
0.0,0.0,4.07,19.0,1557526670274
0.0,0.0,4.07,19.0,1557526670423
0.0,0.0,4.07,19.0,1557526670476
0.0,0.0,4.05,19.0,1557526670577
0.0,0.0,4.05,19.0,1557526670679
0.0,0.0,4.07,19.0,1557526670782
0.0,0.0,4.05,19.0,1557526670935
0.0,0.0,4.07,19.0,1557526670983
0.0,0.0,4.1,19.0,1557526671084
0.0,0.0,4.13,19.0,1557526671243
35.163639068603516,139.6134033203125,4.13,19.0,1557526671253
0.0,0.0,4.16,19.0,1557526671287
0.0,0.0,4.18,19.0,1557526671388
0.0,0.0,4.18,19.0,1557526671550
0.0,0.0,4.21,19.0,1557526671591
0.0,0.0,4.24,19.0,1557526671692
0.0,0.0,4.24,19.0,1557526671857
0.0,0.0,4.27,19.0,1557526671896
0.0,0.0,4.29,19.0,1557526671996
0.0,0.0,4.35,19.0,1557526672268
0.0,0.0,4.4,19.0,1557526672278
0.0,0.0,4.43,19.0,1557526672302
0.0,0.0,4.46,19.0,1557526672401
0.0,0.0,4.51,19.0,1557526672566
0.0,0.0,4.51,19.0,1557526672604
0.0,0.0,4.54,19.0,1557526672706
0.0,0.0,4.59,19.0,1557526672809
0.0,0.0,4.84,19.0,1557526673495
0.0,0.0,4.9,19.0,1557526673517
0.0,0.0,4.95,19.0,1557526673618
35.16364669799805,139.61337280273438,4.95,19.0,1557526673619
0.0,0.0,5.01,19.0,1557526673803
0.0,0.0,5.06,19.0,1557526673824
0.0,0.0,5.12,19.0,1557526673922
0.0,0.0,5.12,19.0,1557526674110
0.0,0.0,5.17,19.0,1557526674125
0.0,0.0,5.22,19.0,1557526674230
0.0,0.0,5.22,19.0,1557526674417
0.0,0.0,5.25,19.0,1557526674430
0.0,0.0,5.28,19.0,1557526674530
0.0,0.0,5.31,19.0,1557526674631
0.0,0.0,5.36,19.0,1557526674732
0.0,0.0,5.42,19.0,1557526674929
0.0,0.0,5.47,19.0,1557526674940
0.0,0.0,5.47,19.0,1557526675036
0.0,0.0,5.5,19.0,1557526675236
0.0,0.0,5.5,19.0,1557526675243
0.0,0.0,5.53,19.0,1557526675339
0.0,0.0,5.55,19.0,1557526675532
0.0,0.0,5.58,19.0,1557526675543
0.0,0.0,5.58,19.0,1557526675644
0.0,0.0,5.61,19.0,1557526675745
0.0,0.0,5.64,19.0,1557526675849
0.0,0.0,5.64,19.0,1557526675952
0.0,0.0,5.64,19.0,1557526676049
0.0,0.0,5.66,19.0,1557526676151
0.0,0.0,5.69,19.0,1557526676260
0.0,0.0,5.69,19.0,1557526676353
0.0,0.0,5.69,19.0,1557526676454
0.0,0.0,5.69,19.0,1557526676567
0.0,0.0,5.72,19.0,1557526676657
0.0,0.0,5.69,19.0,1557526676758
0.0,0.0,5.69,19.0,1557526676874
0.0,0.0,5.69,19.0,1557526676961
0.0,0.0,5.69,19.0,1557526677063
35.16366195678711,139.61331176757812,5.69,19.0,1557526677064
0.0,0.0,5.69,19.0,1557526677180
0.0,0.0,5.72,19.0,1557526677265
0.0,0.0,5.72,19.0,1557526677367
0.0,0.0,5.72,19.0,1557526677489
0.0,0.0,5.72,19.0,1557526677569
0.0,0.0,5.72,19.0,1557526677671
0.0,0.0,5.69,19.0,1557526677772
0.0,0.0,5.69,19.0,1557526678411
0.0,0.0,5.69,19.0,1557526678412
0.0,0.0,5.66,19.0,1557526678412
0.0,0.0,5.64,19.0,1557526678412
0.0,0.0,5.64,19.0,1557526678412
0.0,0.0,5.66,19.0,1557526678412
0.0,0.0,5.66,19.0,1557526678481
0.0,0.0,5.64,19.0,1557526678684
0.0,0.0,5.61,19.0,1557526678786
0.0,0.0,5.64,19.0,1557526678922
0.0,0.0,5.61,19.0,1557526678988
0.0,0.0,5.61,19.0,1557526679089
0.0,0.0,5.61,19.0,1557526679228
0.0,0.0,5.61,19.0,1557526679292
0.0,0.0,5.61,19.0,1557526679393
35.16366958618164,139.61329650878906,5.61,19.0,1557526679394
0.0,0.0,5.61,19.0,1557526679531
0.0,0.0,5.61,19.0,1557526679597
0.0,0.0,5.61,19.0,1557526679698
0.0,0.0,5.64,19.0,1557526679799
0.0,0.0,5.61,19.0,1557526679905
0.0,0.0,5.64,19.0,1557526680049
0.0,0.0,5.64,19.0,1557526680103
0.0,0.0,5.64,19.0,1557526680204
0.0,0.0,5.66,19.0,1557526680356
0.0,0.0,5.66,19.0,1557526680407
0.0,0.0,5.66,19.0,1557526680508
0.0,0.0,5.69,19.0,1557526680610
0.0,0.0,5.69,19.0,1557526680711
0.0,0.0,5.69,19.0,1557526680812
0.0,0.0,5.69,19.0,1557526680916
0.0,0.0,5.72,19.0,1557526681073
0.0,0.0,5.74,19.0,1557526681116
0.0,0.0,5.74,19.0,1557526681218
0.0,0.0,5.77,19.0,1557526681380
0.0,0.0,5.77,19.0,1557526681421
0.0,0.0,5.8,19.0,1557526681522
0.0,0.0,5.8,19.0,1557526681687
0.0,0.0,5.8,19.0,1557526681725
35.16368103027344,139.61326599121094,5.8,19.0,1557526681729
0.0,0.0,5.8,19.0,1557526681829
0.0,0.0,5.83,19.0,1557526681995
0.0,0.0,5.83,19.0,1557526682030
0.0,0.0,5.85,19.0,1557526682130
0.0,0.0,5.85,19.0,1557526682302
0.0,0.0,5.88,19.0,1557526682333
0.0,0.0,5.88,19.0,1557526682441
0.0,0.0,5.91,19.0,1557526682615
0.0,0.0,5.91,19.0,1557526682638
0.0,0.0,5.94,19.0,1557526682739
0.0,0.0,5.94,19.0,1557526683429
0.0,0.0,5.96,19.0,1557526683449
0.0,0.0,5.99,19.0,1557526683449
0.0,0.0,5.99,19.0,1557526683449
0.0,0.0,6.02,19.0,1557526683450
0.0,0.0,6.05,19.0,1557526683450
0.0,0.0,6.07,19.0,1557526683450
0.0,0.0,6.07,19.0,1557526683550
0.0,0.0,6.1,19.0,1557526683651
0.0,0.0,6.1,19.0,1557526683752
0.0,0.0,6.13,19.0,1557526683940
0.0,0.0,6.16,19.0,1557526683957
0.0,0.0,6.16,19.0,1557526684060
0.0,0.0,6.16,19.0,1557526684247
0.0,0.0,6.16,19.0,1557526684260
0.0,0.0,6.18,19.0,1557526684361
0.0,0.0,6.18,19.0,1557526684557
0.0,0.0,6.21,19.0,1557526684563
0.0,0.0,6.24,19.0,1557526684665
0.0,0.0,6.27,19.0,1557526684767
0.0,0.0,6.29,19.0,1557526684867
0.0,0.0,6.29,19.0,1557526685070
35.1637077331543,139.61322021484375,6.32,19.0,1557526685076
0.0,0.0,6.32,19.0,1557526685079
0.0,0.0,6.35,19.0,1557526685172
0.0,0.0,6.37,19.0,1557526685375
0.0,0.0,6.4,19.0,1557526685383
0.0,0.0,6.4,19.0,1557526685476
0.0,0.0,6.43,19.0,1557526685591
0.0,0.0,6.46,19.0,1557526685679
0.0,0.0,6.48,19.0,1557526685780
0.0,0.0,6.51,19.0,1557526685882
0.0,0.0,6.54,19.0,1557526685985
0.0,0.0,6.57,19.0,1557526686090
0.0,0.0,6.59,19.0,1557526686185
0.0,0.0,6.59,19.0,1557526686287
0.0,0.0,6.62,19.0,1557526686398
0.0,0.0,6.65,19.0,1557526686489
0.0,0.0,6.65,19.0,1557526686591
0.0,0.0,6.68,19.0,1557526686705
0.0,0.0,6.7,19.0,1557526686794
0.0,0.0,6.7,19.0,1557526686895
0.0,0.0,6.7,19.0,1557526687014
0.0,0.0,6.73,19.0,1557526687098
0.0,0.0,6.76,19.0,1557526687199
0.0,0.0,6.79,19.0,1557526687319
0.0,0.0,6.81,19.0,1557526687402
35.16372299194336,139.6132049560547,6.81,19.0,1557526687403
0.0,0.0,6.81,19.0,1557526687503
0.0,0.0,6.84,19.0,1557526687627
0.0,0.0,6.87,19.0,1557526687706
0.0,0.0,6.87,19.0,1557526687808
0.0,0.0,6.89,19.0,1557526688342
0.0,0.0,6.89,19.0,1557526688343
0.0,0.0,6.89,19.0,1557526688344
0.0,0.0,6.92,19.0,1557526688344
0.0,0.0,6.95,19.0,1557526688345
0.0,0.0,6.95,19.0,1557526688416
0.0,0.0,6.95,19.0,1557526688517
0.0,0.0,6.98,19.0,1557526688619
0.0,0.0,7.0,19.0,1557526688720
0.0,0.0,7.0,19.0,1557526688857
0.0,0.0,7.0,19.0,1557526688923
0.0,0.0,7.0,19.0,1557526689029
0.0,0.0,7.0,19.0,1557526689164
0.0,0.0,7.0,19.0,1557526689229
0.0,0.0,7.0,19.0,1557526689328
0.0,0.0,7.03,19.0,1557526689468
0.0,0.0,7.03,19.0,1557526689531
0.0,0.0,7.03,19.0,1557526689633
0.0,0.0,7.03,19.0,1557526689734
35.16373825073242,139.61318969726562,7.03,19.0,1557526689734
0.0,0.0,7.06,19.0,1557526689835
0.0,0.0,7.06,19.0,1557526689982
0.0,0.0,7.06,19.0,1557526690040
0.0,0.0,7.06,19.0,1557526690140
0.0,0.0,7.09,19.0,1557526690289
0.0,0.0,7.09,19.0,1557526690343
0.0,0.0,7.09,19.0,1557526690444
0.0,0.0,7.09,19.0,1557526690596
0.0,0.0,7.11,19.0,1557526690647
0.0,0.0,7.11,19.0,1557526690748
0.0,0.0,7.11,19.0,1557526690850
0.0,0.0,7.11,19.0,1557526690951
0.0,0.0,7.11,19.0,1557526691108
0.0,0.0,7.11,19.0,1557526691155
0.0,0.0,7.11,19.0,1557526691255
0.0,0.0,7.11,19.0,1557526691415
0.0,0.0,7.11,19.0,1557526691458
0.0,0.0,7.11,19.0,1557526691559
0.0,0.0,7.11,19.0,1557526691723
0.0,0.0,7.11,19.0,1557526691762
0.0,0.0,7.09,19.0,1557526691864
0.0,0.0,7.09,19.0,1557526692030
0.0,0.0,7.06,19.0,1557526692069
0.0,0.0,7.06,19.0,1557526692174
0.0,0.0,7.03,19.0,1557526692346
0.0,0.0,7.03,19.0,1557526692370
0.0,0.0,7.03,19.0,1557526692471
0.0,0.0,7.0,19.0,1557526692644
0.0,0.0,6.98,19.0,1557526692681
0.0,0.0,6.98,19.0,1557526692775
0.0,0.0,6.95,19.0,1557526693464
0.0,0.0,6.92,19.0,1557526693465
0.0,0.0,6.89,19.0,1557526693465
0.0,0.0,6.87,19.0,1557526693465
0.0,0.0,6.84,19.0,1557526693465
0.0,0.0,6.81,19.0,1557526693466
35.16377639770508,139.61314392089844,6.81,19.0,1557526693469
0.0,0.0,6.79,19.0,1557526693485
0.0,0.0,6.76,19.0,1557526693586
0.0,0.0,6.73,19.0,1557526693688
0.0,0.0,6.7,19.0,1557526693789
0.0,0.0,6.68,19.0,1557526693975
0.0,0.0,6.65,19.0,1557526693992
0.0,0.0,6.62,19.0,1557526694095
0.0,0.0,6.62,19.0,1557526694282
0.0,0.0,6.59,19.0,1557526694295
0.0,0.0,6.57,19.0,1557526694397
0.0,0.0,6.54,19.0,1557526694590
0.0,0.0,6.54,19.0,1557526694600
0.0,0.0,6.51,19.0,1557526694701
0.0,0.0,6.48,19.0,1557526694802
0.0,0.0,6.48,19.0,1557526694904
0.0,0.0,6.46,19.0,1557526695102
0.0,0.0,6.46,19.0,1557526695109
0.0,0.0,6.46,19.0,1557526695207
0.0,0.0,6.46,19.0,1557526695409
0.0,0.0,6.48,19.0,1557526695414
0.0,0.0,6.51,19.0,1557526695513
0.0,0.0,6.51,19.0,1557526695646
0.0,0.0,6.51,19.0,1557526695715
0.0,0.0,6.54,19.0,1557526695816
35.163795471191406,139.61312866210938,6.54,19.0,1557526695816
0.0,0.0,6.54,19.0,1557526695918
0.0,0.0,6.57,19.0,1557526696020
0.0,0.0,6.57,19.0,1557526696160
0.0,0.0,6.59,19.0,1557526696241
0.0,0.0,6.59,19.0,1557526696323
0.0,0.0,6.59,19.0,1557526696424
0.0,0.0,6.62,19.0,1557526696525
0.0,0.0,6.62,19.0,1557526696638
0.0,0.0,6.65,19.0,1557526696728
0.0,0.0,6.65,19.0,1557526696830
0.0,0.0,6.68,19.0,1557526696945
0.0,0.0,6.7,19.0,1557526697033
0.0,0.0,6.7,19.0,1557526697136
0.0,0.0,6.7,19.0,1557526697253
0.0,0.0,6.7,19.0,1557526697337
0.0,0.0,6.7,19.0,1557526697438
0.0,0.0,6.7,19.0,1557526697559
0.0,0.0,6.7,19.0,1557526697641
0.0,0.0,6.73,19.0,1557526697742
0.0,0.0,6.73,19.0,1557526698381
0.0,0.0,6.73,19.0,1557526698383
0.0,0.0,6.73,19.0,1557526698384
0.0,0.0,6.7,19.0,1557526698387
0.0,0.0,6.73,19.0,1557526698405
0.0,0.0,6.73,19.0,1557526698405
0.0,0.0,6.7,19.0,1557526698452
0.0,0.0,6.7,19.0,1557526698553
0.0,0.0,6.68,19.0,1557526698654
0.0,0.0,6.65,19.0,1557526698756
0.0,0.0,6.62,19.0,1557526698890
0.0,0.0,6.59,19.0,1557526698958
0.0,0.0,6.57,19.0,1557526699198
0.0,0.0,6.54,19.0,1557526699263
0.0,0.0,6.54,19.0,1557526699364
0.0,0.0,6.51,19.0,1557526699566
35.1638298034668,139.61309814453125,6.51,19.0,1557526699567
0.0,0.0,6.48,19.0,1557526699668
0.0,0.0,6.48,19.0,1557526699769
0.0,0.0,6.48,19.0,1557526699872
0.0,0.0,6.46,19.0,1557526700017
0.0,0.0,6.48,19.0,1557526700074
0.0,0.0,6.48,19.0,1557526700175
0.0,0.0,6.48,19.0,1557526700324
0.0,0.0,6.48,19.0,1557526700377
0.0,0.0,6.46,19.0,1557526700479
0.0,0.0,6.48,19.0,1557526700631
0.0,0.0,6.48,19.0,1557526700682
0.0,0.0,6.48,19.0,1557526700784
0.0,0.0,6.48,19.0,1557526700884
0.0,0.0,6.51,19.0,1557526700985
0.0,0.0,6.51,19.0,1557526701143
0.0,0.0,6.51,19.0,1557526701188
0.0,0.0,6.54,19.0,1557526701293
0.0,0.0,6.57,19.0,1557526701451
0.0,0.0,6.59,19.0,1557526701492
0.0,0.0,6.62,19.0,1557526701593
0.0,0.0,6.65,19.0,1557526701758
0.0,0.0,6.68,19.0,1557526701796
0.0,0.0,6.68,19.0,1557526701898
0.0,0.0,6.7,19.0,1557526702065
35.163841247558594,139.61306762695312,6.7,19.0,1557526702066
0.0,0.0,6.73,19.0,1557526702101
0.0,0.0,6.76,19.0,1557526702201
0.0,0.0,6.79,19.0,1557526702372
0.0,0.0,6.79,19.0,1557526702404
0.0,0.0,6.81,19.0,1557526702506
0.0,0.0,6.84,19.0,1557526702679
0.0,0.0,6.87,19.0,1557526702709
0.0,0.0,6.89,19.0,1557526702810
0.0,0.0,6.92,19.0,1557526702922
0.0,0.0,6.92,19.0,1557526703013
0.0,0.0,6.95,19.0,1557526703114
0.0,0.0,6.98,19.0,1557526703215
0.0,0.0,6.98,19.0,1557526703396
0.0,0.0,7.0,19.0,1557526703419
0.0,0.0,7.03,19.0,1557526704011
0.0,0.0,7.06,19.0,1557526704012
0.0,0.0,7.09,19.0,1557526704013
0.0,0.0,7.09,19.0,1557526704013
0.0,0.0,7.11,19.0,1557526704014
0.0,0.0,7.14,19.0,1557526704028
0.0,0.0,7.17,19.0,1557526704128
0.0,0.0,7.2,19.0,1557526704230
0.0,0.0,7.22,19.0,1557526704333
0.0,0.0,7.25,19.0,1557526704522
35.16385269165039,139.613037109375,7.25,19.0,1557526704523
0.0,0.0,7.25,19.0,1557526704533
0.0,0.0,7.28,19.0,1557526704635
0.0,0.0,7.28,19.0,1557526704736
0.0,0.0,7.31,19.0,1557526704838
0.0,0.0,7.31,19.0,1557526705035
0.0,0.0,7.33,19.0,1557526705044
0.0,0.0,7.33,19.0,1557526705142
0.0,0.0,7.36,19.0,1557526705341
0.0,0.0,7.39,19.0,1557526705347
0.0,0.0,7.39,19.0,1557526705446
0.0,0.0,7.41,19.0,1557526705649
0.0,0.0,7.41,19.0,1557526705650
0.0,0.0,7.44,19.0,1557526705751
0.0,0.0,7.47,19.0,1557526705855
0.0,0.0,7.47,19.0,1557526705953
0.0,0.0,7.5,19.0,1557526706161
0.0,0.0,7.5,19.0,1557526706162
0.0,0.0,7.52,19.0,1557526706257
0.0,0.0,7.55,19.0,1557526706468
0.0,0.0,7.55,19.0,1557526706469
0.0,0.0,7.55,19.0,1557526706562
0.0,0.0,7.55,19.0,1557526706663
0.0,0.0,7.58,19.0,1557526706773
0.0,0.0,7.58,19.0,1557526706866
0.0,0.0,7.61,19.0,1557526706967
35.163856506347656,139.61300659179688,7.61,19.0,1557526706968
0.0,0.0,7.61,19.0,1557526707084
0.0,0.0,7.63,19.0,1557526707171
0.0,0.0,7.63,19.0,1557526707272
0.0,0.0,7.63,19.0,1557526707390
0.0,0.0,7.63,19.0,1557526707475
0.0,0.0,7.63,19.0,1557526707576
0.0,0.0,7.63,19.0,1557526707697
0.0,0.0,7.66,19.0,1557526707779
0.0,0.0,7.66,19.0,1557526707880
0.0,0.0,7.66,19.0,1557526707982
0.0,0.0,7.66,19.0,1557526708083
0.0,0.0,7.69,19.0,1557526708184
0.0,0.0,7.69,19.0,1557526708285
0.0,0.0,7.69,19.0,1557526708413
0.0,0.0,7.69,19.0,1557526709028
0.0,0.0,7.69,19.0,1557526709029
0.0,0.0,7.69,19.0,1557526709030
0.0,0.0,7.72,19.0,1557526709030
0.0,0.0,7.72,19.0,1557526709031
0.0,0.0,7.72,19.0,1557526709031
0.0,0.0,7.72,19.0,1557526709097
0.0,0.0,7.72,19.0,1557526709198
0.0,0.0,7.74,19.0,1557526709403
35.16386413574219,139.6129608154297,7.74,19.0,1557526709404
0.0,0.0,7.74,19.0,1557526709540
0.0,0.0,7.74,19.0,1557526709604
0.0,0.0,7.74,19.0,1557526709706
0.0,0.0,7.74,19.0,1557526709807
0.0,0.0,7.74,19.0,1557526709910
0.0,0.0,7.74,19.0,1557526710052
0.0,0.0,7.77,19.0,1557526710111
0.0,0.0,7.77,19.0,1557526710212
0.0,0.0,7.77,19.0,1557526710359
0.0,0.0,7.77,19.0,1557526710417
0.0,0.0,7.77,19.0,1557526710516
0.0,0.0,7.8,19.0,1557526710666
0.0,0.0,7.8,19.0,1557526710719
0.0,0.0,7.8,19.0,1557526710820
0.0,0.0,7.8,19.0,1557526710922
0.0,0.0,7.8,19.0,1557526711023
0.0,0.0,7.8,19.0,1557526711178
0.0,0.0,7.8,19.0,1557526711228
0.0,0.0,7.8,19.0,1557526711327
0.0,0.0,7.8,19.0,1557526711485
0.0,0.0,7.83,19.0,1557526711531
0.0,0.0,7.83,19.0,1557526711632
35.16386413574219,139.61293029785156,7.83,19.0,1557526711632
0.0,0.0,7.83,19.0,1557526711793
0.0,0.0,7.83,19.0,1557526711834
0.0,0.0,7.83,19.0,1557526711936
0.0,0.0,7.83,19.0,1557526712100
0.0,0.0,7.83,19.0,1557526712139
0.0,0.0,7.85,19.0,1557526712240
0.0,0.0,7.85,19.0,1557526712407
0.0,0.0,7.85,19.0,1557526712445
0.0,0.0,7.85,19.0,1557526712544
0.0,0.0,7.85,19.0,1557526712714
0.0,0.0,7.85,19.0,1557526712747
0.0,0.0,7.85,19.0,1557526712848
0.0,0.0,7.85,19.0,1557526712950
0.0,0.0,7.85,19.0,1557526713051
0.0,0.0,7.85,19.0,1557526713161
0.0,0.0,7.85,19.0,1557526713254
0.0,0.0,7.85,19.0,1557526713431
0.0,0.0,7.88,19.0,1557526714046
35.16387176513672,139.6129150390625,7.88,19.0,1557526714054
0.0,0.0,7.88,19.0,1557526714060
0.0,0.0,7.88,19.0,1557526714064
0.0,0.0,7.88,19.0,1557526714065
0.0,0.0,7.88,19.0,1557526714066
0.0,0.0,7.88,19.0,1557526714067
0.0,0.0,7.88,19.0,1557526714166
0.0,0.0,7.88,19.0,1557526714268
0.0,0.0,7.88,19.0,1557526714369
0.0,0.0,7.88,19.0,1557526714558
0.0,0.0,7.88,19.0,1557526714573
0.0,0.0,7.91,19.0,1557526714676
0.0,0.0,7.91,19.0,1557526714775
0.0,0.0,7.91,19.0,1557526714876
0.0,0.0,7.91,19.0,1557526715069
0.0,0.0,7.91,19.0,1557526715081
0.0,0.0,7.91,19.0,1557526715180
0.0,0.0,7.91,19.0,1557526715377
0.0,0.0,7.91,19.0,1557526715385
0.0,0.0,7.94,19.0,1557526715487
0.0,0.0,7.94,19.0,1557526715684
0.0,0.0,7.94,19.0,1557526715688
0.0,0.0,7.94,19.0,1557526715789
0.0,0.0,7.94,19.0,1557526715891
0.0,0.0,7.96,19.0,1557526715992
0.0,0.0,7.96,19.0,1557526716196
0.0,0.0,7.96,19.0,1557526716197
0.0,0.0,7.96,19.0,1557526716298
0.0,0.0,7.96,19.0,1557526716511
0.0,0.0,7.96,19.0,1557526716601
0.0,0.0,7.96,19.0,1557526716702
0.0,0.0,7.96,19.0,1557526716810
0.0,0.0,7.96,19.0,1557526716905
0.0,0.0,7.96,19.0,1557526717006
0.0,0.0,7.96,19.0,1557526717117
0.0,0.0,7.99,19.0,1557526717209
0.0,0.0,7.99,19.0,1557526717310
0.0,0.0,7.99,19.0,1557526717425
0.0,0.0,7.99,19.0,1557526717515
0.0,0.0,7.99,19.0,1557526717614
35.16388702392578,139.61285400390625,7.99,19.0,1557526717615
0.0,0.0,7.99,19.0,1557526717732
0.0,0.0,7.99,19.0,1557526717817
0.0,0.0,7.99,19.0,1557526717919
0.0,0.0,7.99,19.0,1557526718020
0.0,0.0,7.99,19.0,1557526718121
0.0,0.0,7.99,19.0,1557526718223
0.0,0.0,7.99,19.0,1557526718324
0.0,0.0,8.02,19.0,1557526718450
0.0,0.0,8.02,19.0,1557526718959
0.0,0.0,8.02,19.0,1557526718960
0.0,0.0,8.02,19.0,1557526718960
0.0,0.0,7.99,19.0,1557526718967
0.0,0.0,7.99,19.0,1557526718967
0.0,0.0,7.99,19.0,1557526719034
0.0,0.0,7.99,19.0,1557526719135
0.0,0.0,7.99,19.0,1557526719237
0.0,0.0,7.99,19.0,1557526719338
0.0,0.0,7.99,19.0,1557526719473
0.0,0.0,7.99,19.0,1557526719642
0.0,0.0,7.99,19.0,1557526719746
0.0,0.0,7.99,19.0,1557526719845
0.0,0.0,7.99,19.0,1557526719946
0.0,0.0,7.99,19.0,1557526720048
0.0,0.0,7.99,19.0,1557526720189
0.0,0.0,7.99,19.0,1557526720255
0.0,0.0,7.99,19.0,1557526720352
0.0,0.0,7.99,19.0,1557526720497
0.0,0.0,7.96,19.0,1557526720557
0.0,0.0,7.96,19.0,1557526720656
0.0,0.0,7.96,19.0,1557526720763
0.0,0.0,7.94,19.0,1557526720859
0.0,0.0,7.94,19.0,1557526720960
35.163917541503906,139.61282348632812,7.94,19.0,1557526720960
0.0,0.0,7.94,19.0,1557526721061
0.0,0.0,7.94,19.0,1557526721163
0.0,0.0,7.91,19.0,1557526721316
0.0,0.0,7.91,19.0,1557526721366
0.0,0.0,7.91,19.0,1557526721467
0.0,0.0,7.88,19.0,1557526721623
0.0,0.0,7.88,19.0,1557526721670
0.0,0.0,7.88,19.0,1557526721771
0.0,0.0,7.88,19.0,1557526721929
0.0,0.0,7.88,19.0,1557526721974
0.0,0.0,7.85,19.0,1557526722075
0.0,0.0,7.85,19.0,1557526722237
0.0,0.0,7.85,19.0,1557526722278
0.0,0.0,7.85,19.0,1557526722379
0.0,0.0,7.85,19.0,1557526722545
0.0,0.0,7.85,19.0,1557526722586
0.0,0.0,7.85,19.0,1557526722683
0.0,0.0,7.85,19.0,1557526722809
0.0,0.0,7.88,19.0,1557526722886
0.0,0.0,7.88,19.0,1557526722988
0.0,0.0,7.88,19.0,1557526723089
0.0,0.0,7.88,19.0,1557526723190
0.0,0.0,7.88,19.0,1557526723292
0.0,0.0,7.88,19.0,1557526723401
0.0,0.0,7.88,19.0,1557526723981
0.0,0.0,7.88,19.0,1557526723983
0.0,0.0,7.88,19.0,1557526723986
0.0,0.0,7.91,19.0,1557526723987
0.0,0.0,7.91,19.0,1557526723987
0.0,0.0,7.94,19.0,1557526724002
0.0,0.0,7.94,19.0,1557526724104
0.0,0.0,7.94,19.0,1557526724205
0.0,0.0,7.96,19.0,1557526724306
0.0,0.0,7.96,19.0,1557526724490
0.0,0.0,7.96,19.0,1557526724509
0.0,0.0,7.99,19.0,1557526724612
0.0,0.0,7.99,19.0,1557526724752
0.0,0.0,8.02,19.0,1557526724813
0.0,0.0,8.02,19.0,1557526724915
0.0,0.0,8.02,19.0,1557526725016
0.0,0.0,8.04,19.0,1557526725117
0.0,0.0,8.04,19.0,1557526725310
0.0,0.0,8.069,19.0,1557526725320
0.0,0.0,8.069,19.0,1557526725422
0.0,0.0,8.1,19.0,1557526725617
35.1639404296875,139.61279296875,8.1,19.0,1557526725617
0.0,0.0,8.1,19.0,1557526725627
0.0,0.0,8.1,19.0,1557526725728
0.0,0.0,8.1,19.0,1557526725828
0.0,0.0,8.1,19.0,1557526725929
0.0,0.0,8.1,19.0,1557526726128
0.0,0.0,8.1,19.0,1557526726138
0.0,0.0,8.13,19.0,1557526726234
0.0,0.0,8.13,19.0,1557526726436
0.0,0.0,8.13,19.0,1557526726436
0.0,0.0,8.149,19.0,1557526726537
0.0,0.0,8.149,19.0,1557526726743
0.0,0.0,8.18,19.0,1557526726744
0.0,0.0,8.18,19.0,1557526726842
0.0,0.0,8.18,19.0,1557526726942
0.0,0.0,8.18,19.0,1557526727051
0.0,0.0,8.18,19.0,1557526727145
0.0,0.0,8.21,19.0,1557526727247
0.0,0.0,8.21,19.0,1557526727357
0.0,0.0,8.21,19.0,1557526727449
0.0,0.0,8.21,19.0,1557526727551
0.0,0.0,8.21,19.0,1557526727665
0.0,0.0,8.24,19.0,1557526727753
0.0,0.0,8.24,19.0,1557526727855
0.0,0.0,8.24,19.0,1557526727956
35.1639518737793,139.61276245117188,8.24,19.0,1557526727957
0.0,0.0,8.24,19.0,1557526728062
0.0,0.0,8.24,19.0,1557526728159
0.0,0.0,8.26,19.0,1557526728260
0.0,0.0,8.26,19.0,1557526728382
0.0,0.0,8.26,19.0,1557526728523
0.0,0.0,8.26,19.0,1557526728565
0.0,0.0,8.26,19.0,1557526728689
0.0,0.0,8.29,19.0,1557526728767
0.0,0.0,8.29,19.0,1557526728869
0.0,0.0,8.29,19.0,1557526729406
0.0,0.0,8.29,19.0,1557526729422
0.0,0.0,8.29,19.0,1557526729422
0.0,0.0,8.32,19.0,1557526729423
0.0,0.0,8.32,19.0,1557526729423
0.0,0.0,8.32,19.0,1557526729478
0.0,0.0,8.32,19.0,1557526729578
0.0,0.0,8.32,19.0,1557526729682
0.0,0.0,8.32,19.0,1557526729883
0.0,0.0,8.32,19.0,1557526729984
0.0,0.0,8.32,19.0,1557526730123
0.0,0.0,8.32,19.0,1557526730187
0.0,0.0,8.32,19.0,1557526730288
0.0,0.0,8.32,19.0,1557526730429
0.0,0.0,8.32,19.0,1557526730491
0.0,0.0,8.32,19.0,1557526730592
0.0,0.0,8.35,19.0,1557526730737
0.0,0.0,8.35,19.0,1557526730795
0.0,0.0,8.35,19.0,1557526730896
0.0,0.0,8.35,19.0,1557526730999
0.0,0.0,8.35,19.0,1557526731100
0.0,0.0,8.35,19.0,1557526731249
0.0,0.0,8.35,19.0,1557526731303
0.0,0.0,8.37,19.0,1557526731403
0.0,0.0,8.37,19.0,1557526731556
35.16396713256836,139.6127166748047,8.37,19.0,1557526731556
0.0,0.0,8.37,19.0,1557526731606
0.0,0.0,8.37,19.0,1557526731710
0.0,0.0,8.37,19.0,1557526731873
0.0,0.0,8.37,19.0,1557526731911
0.0,0.0,8.37,19.0,1557526732012
0.0,0.0,8.37,19.0,1557526732170
0.0,0.0,8.4,19.0,1557526732215
0.0,0.0,8.4,19.0,1557526732316
0.0,0.0,8.4,19.0,1557526732477
0.0,0.0,8.4,19.0,1557526732519
0.0,0.0,8.4,19.0,1557526732620
0.0,0.0,8.4,19.0,1557526732785
0.0,0.0,8.4,19.0,1557526732824
0.0,0.0,8.4,19.0,1557526732925
0.0,0.0,8.4,19.0,1557526733026
0.0,0.0,8.4,19.0,1557526733128
0.0,0.0,8.4,19.0,1557526733229
0.0,0.0,8.4,19.0,1557526733330
0.0,0.0,8.4,19.0,1557526733501
0.0,0.0,8.4,19.0,1557526733533
0.0,0.0,8.4,19.0,1557526733809
0.0,0.0,8.4,19.0,1557526733838
35.163970947265625,139.61268615722656,8.4,19.0,1557526733921
0.0,0.0,8.4,19.0,1557526734423
0.0,0.0,8.4,19.0,1557526734424
0.0,0.0,8.4,19.0,1557526734424
0.0,0.0,8.4,19.0,1557526734424
0.0,0.0,8.43,19.0,1557526734425
0.0,0.0,8.43,19.0,1557526734446
0.0,0.0,8.43,19.0,1557526734548
0.0,0.0,8.43,19.0,1557526734649
0.0,0.0,8.43,19.0,1557526734752
0.0,0.0,8.43,19.0,1557526734852
0.0,0.0,8.43,19.0,1557526734954
0.0,0.0,8.4,19.0,1557526735139
0.0,0.0,8.4,19.0,1557526735156
0.0,0.0,8.4,19.0,1557526735257
0.0,0.0,8.4,19.0,1557526735447
0.0,0.0,8.4,19.0,1557526735460
0.0,0.0,8.4,19.0,1557526735562
0.0,0.0,8.43,19.0,1557526735754
0.0,0.0,8.43,19.0,1557526735767
0.0,0.0,8.43,19.0,1557526735866
0.0,0.0,8.43,19.0,1557526735968
0.0,0.0,8.43,19.0,1557526736069
0.0,0.0,8.43,19.0,1557526736265
0.0,0.0,8.43,19.0,1557526736271
0.0,0.0,8.43,19.0,1557526736373
35.163978576660156,139.61265563964844,8.43,19.0,1557526736374
0.0,0.0,8.43,19.0,1557526736573
0.0,0.0,8.43,19.0,1557526736576
0.0,0.0,8.43,19.0,1557526736677
0.0,0.0,8.46,19.0,1557526736880
0.0,0.0,8.46,19.0,1557526736881
0.0,0.0,8.46,19.0,1557526736982
0.0,0.0,8.46,19.0,1557526737187
0.0,0.0,8.46,19.0,1557526737188
0.0,0.0,8.46,19.0,1557526737288
0.0,0.0,8.46,19.0,1557526737387
0.0,0.0,8.46,19.0,1557526737494
0.0,0.0,8.46,19.0,1557526737590
0.0,0.0,8.46,19.0,1557526737691
0.0,0.0,8.46,19.0,1557526737802
0.0,0.0,8.46,19.0,1557526737896
0.0,0.0,8.46,19.0,1557526737995
0.0,0.0,8.46,19.0,1557526738097
0.0,0.0,8.46,19.0,1557526738198
0.0,0.0,8.46,19.0,1557526738300
0.0,0.0,8.46,19.0,1557526738401
0.0,0.0,8.46,19.0,1557526738519
0.0,0.0,8.46,19.0,1557526738604
0.0,0.0,8.46,19.0,1557526738705
0.0,0.0,8.46,19.0,1557526738826
0.0,0.0,8.43,19.0,1557526739441
0.0,0.0,8.43,19.0,1557526739516
0.0,0.0,8.43,19.0,1557526739617
0.0,0.0,8.46,19.0,1557526739747
0.0,0.0,8.46,19.0,1557526739824
0.0,0.0,8.46,19.0,1557526739922
35.16400146484375,139.6125946044922,8.46,19.0,1557526739925
0.0,0.0,8.46,19.0,1557526740125
0.0,0.0,8.46,19.0,1557526740260
0.0,0.0,8.46,19.0,1557526740330
0.0,0.0,8.46,19.0,1557526740429
0.0,0.0,8.46,19.0,1557526740567
0.0,0.0,8.46,19.0,1557526740632
0.0,0.0,8.46,19.0,1557526740733
0.0,0.0,8.46,19.0,1557526740850
0.0,0.0,8.46,19.0,1557526740936
0.0,0.0,8.46,19.0,1557526741037
0.0,0.0,8.46,19.0,1557526741139
0.0,0.0,8.46,19.0,1557526741240
0.0,0.0,8.46,19.0,1557526741386
0.0,0.0,8.48,19.0,1557526741444
0.0,0.0,8.48,19.0,1557526741544
0.0,0.0,8.48,19.0,1557526741693
0.0,0.0,8.48,19.0,1557526741748
0.0,0.0,8.48,19.0,1557526741851
0.0,0.0,8.48,19.0,1557526742001
0.0,0.0,8.48,19.0,1557526742051
0.0,0.0,8.48,19.0,1557526742153
0.0,0.0,8.51,19.0,1557526742308
0.0,0.0,8.51,19.0,1557526742356
0.0,0.0,8.51,19.0,1557526742457
0.0,0.0,8.51,19.0,1557526742616
0.0,0.0,8.51,19.0,1557526742659
0.0,0.0,8.51,19.0,1557526742760
0.0,0.0,8.51,19.0,1557526742902
0.0,0.0,8.51,19.0,1557526742963
0.0,0.0,8.51,19.0,1557526743064
0.0,0.0,8.51,19.0,1557526743166
0.0,0.0,8.51,19.0,1557526743267
0.0,0.0,8.51,19.0,1557526743370
35.16402816772461,139.612548828125,8.51,19.0,1557526743375
0.0,0.0,8.51,19.0,1557526743470
0.0,0.0,8.51,19.0,1557526743639
0.0,0.0,8.51,19.0,1557526743673
0.0,0.0,8.51,19.0,1557526743774
0.0,0.0,8.51,19.0,1557526743946
0.0,0.0,8.51,19.0,1557526743977
0.0,0.0,8.51,19.0,1557526744078
0.0,0.0,8.51,19.0,1557526744253
0.0,0.0,8.51,19.0,1557526744281
0.0,0.0,8.51,19.0,1557526744383
0.0,0.0,8.51,19.0,1557526744560
0.0,0.0,8.51,19.0,1557526744586
0.0,0.0,8.51,19.0,1557526744687
0.0,0.0,8.51,19.0,1557526744852
0.0,0.0,8.51,19.0,1557526744892
0.0,0.0,8.51,19.0,1557526744991
0.0,0.0,8.51,19.0,1557526745093
0.0,0.0,8.54,19.0,1557526745789
35.16403579711914,139.61251831054688,8.51,19.0,1557526745800
0.0,0.0,8.51,19.0,1557526745803
0.0,0.0,8.51,19.0,1557526745906
0.0,0.0,8.51,19.0,1557526746008
0.0,0.0,8.51,19.0,1557526746107
0.0,0.0,8.51,19.0,1557526746301
0.0,0.0,8.51,19.0,1557526746310
0.0,0.0,8.51,19.0,1557526746411
0.0,0.0,8.51,19.0,1557526746608
0.0,0.0,8.51,19.0,1557526746614
0.0,0.0,8.51,19.0,1557526746715
0.0,0.0,8.51,19.0,1557526746919
0.0,0.0,8.51,19.0,1557526746921
0.0,0.0,8.51,19.0,1557526747019
0.0,0.0,8.51,19.0,1557526747223
0.0,0.0,8.51,19.0,1557526747224
0.0,0.0,8.51,19.0,1557526747324
0.0,0.0,8.51,19.0,1557526747530
0.0,0.0,8.51,19.0,1557526747531
0.0,0.0,8.51,19.0,1557526747629
0.0,0.0,8.51,19.0,1557526747729
0.0,0.0,8.51,19.0,1557526747837
0.0,0.0,8.51,19.0,1557526747937
0.0,0.0,8.51,19.0,1557526748035
0.0,0.0,8.51,19.0,1557526748136
0.0,0.0,8.51,19.0,1557526748237
35.16404342651367,139.6125030517578,8.51,19.0,1557526748238
0.0,0.0,8.51,19.0,1557526748339
0.0,0.0,8.51,19.0,1557526748440
0.0,0.0,8.48,19.0,1557526748554
0.0,0.0,8.48,19.0,1557526748643
0.0,0.0,8.48,19.0,1557526748744
0.0,0.0,8.48,19.0,1557526748861
0.0,0.0,8.48,19.0,1557526749002
0.0,0.0,8.48,19.0,1557526749049
0.0,0.0,8.48,19.0,1557526749168
0.0,0.0,8.48,19.0,1557526749251
0.0,0.0,8.48,19.0,1557526749353
0.0,0.0,8.48,19.0,1557526749476
0.0,0.0,8.48,19.0,1557526749555
0.0,0.0,8.48,19.0,1557526749657
0.0,0.0,8.48,19.0,1557526749783
0.0,0.0,8.51,19.0,1557526750371
0.0,0.0,8.51,19.0,1557526750468
0.0,0.0,8.51,19.0,1557526750570
0.0,0.0,8.51,19.0,1557526750671
0.0,0.0,8.51,19.0,1557526750807
0.0,0.0,8.51,19.0,1557526750875
0.0,0.0,8.51,19.0,1557526750977
0.0,0.0,8.54,19.0,1557526751077
0.0,0.0,8.54,19.0,1557526751178
0.0,0.0,8.51,19.0,1557526751319
0.0,0.0,8.51,19.0,1557526751381
0.0,0.0,8.51,19.0,1557526751482
0.0,0.0,8.51,19.0,1557526751626
35.1640510559082,139.61244201660156,8.51,19.0,1557526751628
0.0,0.0,8.51,19.0,1557526751687
0.0,0.0,8.51,19.0,1557526751786
0.0,0.0,8.51,19.0,1557526751933
0.0,0.0,8.51,19.0,1557526751992
0.0,0.0,8.51,19.0,1557526752091
0.0,0.0,8.51,19.0,1557526752240
0.0,0.0,8.51,19.0,1557526752293
0.0,0.0,8.51,19.0,1557526752395
0.0,0.0,8.51,19.0,1557526752547
0.0,0.0,8.51,19.0,1557526752598
0.0,0.0,8.51,19.0,1557526752699
0.0,0.0,8.51,19.0,1557526752855
0.0,0.0,8.51,19.0,1557526752902
0.0,0.0,8.51,19.0,1557526753005
0.0,0.0,8.51,19.0,1557526753105
0.0,0.0,8.51,19.0,1557526753206
0.0,0.0,8.51,19.0,1557526753308
0.0,0.0,8.51,19.0,1557526753409
0.0,0.0,8.51,19.0,1557526753572
0.0,0.0,8.51,19.0,1557526753612
0.0,0.0,8.51,19.0,1557526753713
0.0,0.0,8.51,19.0,1557526753880
0.0,0.0,8.51,19.0,1557526753916
35.16405487060547,139.6124267578125,8.51,19.0,1557526753918
0.0,0.0,8.51,19.0,1557526754021
0.0,0.0,8.51,19.0,1557526754186
0.0,0.0,8.51,19.0,1557526754220
0.0,0.0,8.48,19.0,1557526754322
0.0,0.0,8.51,19.0,1557526754903
0.0,0.0,8.51,19.0,1557526754904
0.0,0.0,8.51,19.0,1557526754904
0.0,0.0,8.51,19.0,1557526754904
0.0,0.0,8.51,19.0,1557526754905
0.0,0.0,8.51,19.0,1557526754930
0.0,0.0,8.51,19.0,1557526755034
0.0,0.0,8.54,19.0,1557526755133
0.0,0.0,8.54,19.0,1557526755234
0.0,0.0,8.54,19.0,1557526755415
0.0,0.0,8.54,19.0,1557526755437
0.0,0.0,8.54,19.0,1557526755539
0.0,0.0,8.54,19.0,1557526755722
0.0,0.0,8.54,19.0,1557526755745
0.0,0.0,8.54,19.0,1557526755843
0.0,0.0,8.54,19.0,1557526756029
0.0,0.0,8.54,19.0,1557526756048
0.0,0.0,8.54,19.0,1557526756147
0.0,0.0,8.54,19.0,1557526756248
0.0,0.0,8.54,19.0,1557526756350
0.0,0.0,8.56,19.0,1557526756541
35.16405487060547,139.61239624023438,8.56,19.0,1557526756543
0.0,0.0,8.56,19.0,1557526756553
0.0,0.0,8.56,19.0,1557526756654
0.0,0.0,8.56,19.0,1557526756850
0.0,0.0,8.56,19.0,1557526756858
0.0,0.0,8.56,19.0,1557526756958
0.0,0.0,8.56,19.0,1557526757062
0.0,0.0,8.56,19.0,1557526757161
0.0,0.0,8.56,19.0,1557526757361
0.0,0.0,8.56,19.0,1557526757367
0.0,0.0,8.56,19.0,1557526757465
0.0,0.0,8.56,19.0,1557526757669
0.0,0.0,8.56,19.0,1557526757670
0.0,0.0,8.56,19.0,1557526757770
0.0,0.0,8.59,19.0,1557526757975
0.0,0.0,8.59,19.0,1557526757976
0.0,0.0,8.59,19.0,1557526758077
0.0,0.0,8.59,19.0,1557526758177
0.0,0.0,8.59,19.0,1557526758277
0.0,0.0,8.59,19.0,1557526758379
0.0,0.0,8.59,19.0,1557526758479
0.0,0.0,8.59,19.0,1557526758588
0.0,0.0,8.59,19.0,1557526758682
0.0,0.0,8.59,19.0,1557526758784
0.0,0.0,8.59,19.0,1557526758896
0.0,0.0,8.59,19.0,1557526758986
0.0,0.0,8.62,19.0,1557526759090
0.0,0.0,8.62,19.0,1557526759196
0.0,0.0,8.62,19.0,1557526759291
0.0,0.0,8.62,19.0,1557526760023
0.0,0.0,8.62,19.0,1557526760024
0.0,0.0,8.62,19.0,1557526760024
35.1640625,139.61233520507812,8.62,19.0,1557526760039
0.0,0.0,8.62,19.0,1557526760056
0.0,0.0,8.62,19.0,1557526760056
0.0,0.0,8.62,19.0,1557526760056
0.0,0.0,8.62,19.0,1557526760057
0.0,0.0,8.62,19.0,1557526760107
0.0,0.0,8.62,19.0,1557526760203
0.0,0.0,8.62,19.0,1557526760305
0.0,0.0,8.59,19.0,1557526760406
0.0,0.0,8.59,19.0,1557526760535
0.0,0.0,8.59,19.0,1557526760609
0.0,0.0,8.59,19.0,1557526760710
0.0,0.0,8.59,19.0,1557526760844
0.0,0.0,8.56,19.0,1557526760913
0.0,0.0,8.56,19.0,1557526761014
0.0,0.0,8.56,19.0,1557526761118
0.0,0.0,8.54,19.0,1557526761319
0.0,0.0,8.51,19.0,1557526761558
0.0,0.0,8.51,19.0,1557526761715
0.0,0.0,8.48,19.0,1557526761724
0.0,0.0,8.48,19.0,1557526761872
0.0,0.0,8.46,19.0,1557526762029
0.0,0.0,8.46,19.0,1557526762192
0.0,0.0,8.43,19.0,1557526762232
0.0,0.0,8.4,19.0,1557526762390
0.0,0.0,8.37,19.0,1557526762434
0.0,0.0,8.35,19.0,1557526762590
0.0,0.0,8.32,19.0,1557526762817
0.0,0.0,8.29,19.0,1557526762817
0.0,0.0,8.26,19.0,1557526762839
0.0,0.0,8.26,19.0,1557526763015
0.0,0.0,8.24,19.0,1557526763093
0.0,0.0,8.069,19.0,1557526763801
35.16407012939453,139.61227416992188,8.069,19.0,1557526763801
0.0,0.0,8.04,19.0,1557526763853
0.0,0.0,8.04,19.0,1557526763956
0.0,0.0,8.02,19.0,1557526764056
0.0,0.0,7.99,19.0,1557526764221
0.0,0.0,7.99,19.0,1557526764262
0.0,0.0,7.96,19.0,1557526764362
0.0,0.0,7.96,19.0,1557526764528
0.0,0.0,7.94,19.0,1557526764563
0.0,0.0,7.91,19.0,1557526764664
0.0,0.0,7.91,19.0,1557526764786
0.0,0.0,7.88,19.0,1557526764867
0.0,0.0,7.88,19.0,1557526764969
0.0,0.0,7.88,19.0,1557526765069
0.0,0.0,7.88,19.0,1557526765173
0.0,0.0,7.88,19.0,1557526765347
0.0,0.0,7.85,19.0,1557526765374
0.0,0.0,7.85,19.0,1557526765475
0.0,0.0,7.85,19.0,1557526765656
0.0,0.0,7.85,19.0,1557526765679
0.0,0.0,7.88,19.0,1557526765782
0.0,0.0,7.88,19.0,1557526765962
0.0,0.0,7.88,19.0,1557526765982
0.0,0.0,7.88,19.0,1557526766083
0.0,0.0,7.88,19.0,1557526766187
35.1640739440918,139.61224365234375,7.88,19.0,1557526766189
0.0,0.0,7.91,19.0,1557526766287
0.0,0.0,7.88,19.0,1557526766474
0.0,0.0,7.91,19.0,1557526766489
0.0,0.0,7.94,19.0,1557526766591
0.0,0.0,7.94,19.0,1557526766781
0.0,0.0,7.96,19.0,1557526766794
0.0,0.0,7.96,19.0,1557526766895
0.0,0.0,7.96,19.0,1557526767087
0.0,0.0,7.96,19.0,1557526767098
0.0,0.0,7.96,19.0,1557526767201
0.0,0.0,7.99,19.0,1557526767301
0.0,0.0,7.99,19.0,1557526767402
0.0,0.0,7.99,19.0,1557526767600
0.0,0.0,7.99,19.0,1557526767607
0.0,0.0,8.02,19.0,1557526767706
0.0,0.0,8.02,19.0,1557526767908
0.0,0.0,8.04,19.0,1557526767920
0.0,0.0,8.04,19.0,1557526768012
0.0,0.0,8.02,19.0,1557526768220
0.0,0.0,8.02,19.0,1557526768225
0.0,0.0,8.02,19.0,1557526768315
0.0,0.0,8.02,19.0,1557526768522
0.0,0.0,8.02,19.0,1557526768523
0.0,0.0,8.02,19.0,1557526768619
0.0,0.0,7.99,19.0,1557526768720
0.0,0.0,7.99,19.0,1557526768829
0.0,0.0,7.99,19.0,1557526768923
0.0,0.0,7.96,19.0,1557526769025
0.0,0.0,7.96,19.0,1557526769126
0.0,0.0,7.96,19.0,1557526769229
0.0,0.0,7.96,19.0,1557526769341
0.0,0.0,7.94,19.0,1557526769430
35.164085388183594,139.61219787597656,7.83,19.0,1557526769870
0.0,0.0,7.83,19.0,1557526770038
0.0,0.0,7.83,19.0,1557526770140
0.0,0.0,7.8,19.0,1557526770243
0.0,0.0,7.77,19.0,1557526770343
0.0,0.0,7.77,19.0,1557526770468
0.0,0.0,7.74,19.0,1557526770545
0.0,0.0,7.72,19.0,1557526770647
0.0,0.0,7.69,19.0,1557526770775
0.0,0.0,7.66,19.0,1557526770849
0.0,0.0,7.63,19.0,1557526770951
0.0,0.0,7.61,19.0,1557526771082
0.0,0.0,7.58,19.0,1557526771153
0.0,0.0,7.55,19.0,1557526771257
0.0,0.0,7.5,19.0,1557526771356
0.0,0.0,7.47,19.0,1557526771457
0.0,0.0,7.41,19.0,1557526771594
0.0,0.0,7.39,19.0,1557526771660
0.0,0.0,7.36,19.0,1557526771761
0.0,0.0,7.31,19.0,1557526771901
0.0,0.0,7.28,19.0,1557526771964
0.0,0.0,7.22,19.0,1557526772065
0.0,0.0,7.2,19.0,1557526772170
35.16408920288086,139.61216735839844,7.2,19.0,1557526772171
0.0,0.0,7.14,19.0,1557526772272
0.0,0.0,7.11,19.0,1557526772369
0.0,0.0,7.06,19.0,1557526772470
0.0,0.0,7.03,19.0,1557526772571
0.0,0.0,6.98,19.0,1557526772720
0.0,0.0,6.95,19.0,1557526772774
0.0,0.0,6.89,19.0,1557526772875
0.0,0.0,6.84,19.0,1557526773028
0.0,0.0,6.81,19.0,1557526773078
0.0,0.0,6.68,19.0,1557526773383
0.0,0.0,6.62,19.0,1557526773484
0.0,0.0,6.57,19.0,1557526773642
0.0,0.0,6.54,19.0,1557526773688
0.0,0.0,6.48,19.0,1557526773787
0.0,0.0,6.46,19.0,1557526773920
0.0,0.0,6.4,19.0,1557526773990
0.0,0.0,6.37,19.0,1557526774092
0.0,0.0,6.32,19.0,1557526774192
0.0,0.0,6.29,19.0,1557526774296
0.0,0.0,6.27,19.0,1557526774666
0.0,0.0,6.24,19.0,1557526774667
0.0,0.0,6.24,19.0,1557526774668
0.0,0.0,6.21,19.0,1557526774700
0.0,0.0,6.18,19.0,1557526774801
0.0,0.0,6.18,19.0,1557526774901
0.0,0.0,6.16,19.0,1557526775003
0.0,0.0,6.16,19.0,1557526775104
0.0,0.0,6.16,19.0,1557526775205
0.0,0.0,6.13,19.0,1557526775383
0.0,0.0,6.13,19.0,1557526775408
0.0,0.0,6.13,19.0,1557526775509
0.0,0.0,6.16,19.0,1557526775690
35.16410827636719,139.6121063232422,6.16,19.0,1557526775704
0.0,0.0,6.16,19.0,1557526775713
0.0,0.0,6.16,19.0,1557526775814
0.0,0.0,6.18,19.0,1557526775997
0.0,0.0,6.18,19.0,1557526776016
0.0,0.0,6.21,19.0,1557526776121
0.0,0.0,6.21,19.0,1557526776220
0.0,0.0,6.21,19.0,1557526776323
0.0,0.0,6.24,19.0,1557526776509
0.0,0.0,6.24,19.0,1557526776524
0.0,0.0,6.24,19.0,1557526776625
0.0,0.0,6.24,19.0,1557526777208
0.0,0.0,6.27,19.0,1557526777210
0.0,0.0,6.27,19.0,1557526777210
0.0,0.0,6.27,19.0,1557526777211
0.0,0.0,6.29,19.0,1557526777211
0.0,0.0,6.32,19.0,1557526777234
0.0,0.0,6.32,19.0,1557526777337
0.0,0.0,6.35,19.0,1557526777436
0.0,0.0,6.37,19.0,1557526777537
0.0,0.0,6.37,19.0,1557526777738
0.0,0.0,6.37,19.0,1557526777741
0.0,0.0,6.37,19.0,1557526777842
0.0,0.0,6.37,19.0,1557526778045
0.0,0.0,6.37,19.0,1557526778046
0.0,0.0,6.37,19.0,1557526778145
35.16411590576172,139.61209106445312,6.37,19.0,1557526778146
0.0,0.0,6.4,19.0,1557526778353
0.0,0.0,6.4,19.0,1557526778354
0.0,0.0,6.4,19.0,1557526778450
0.0,0.0,6.43,19.0,1557526778551
0.0,0.0,6.43,19.0,1557526778660
0.0,0.0,6.43,19.0,1557526778754
0.0,0.0,6.43,19.0,1557526778855
0.0,0.0,6.43,19.0,1557526778957
0.0,0.0,6.43,19.0,1557526779058
0.0,0.0,6.43,19.0,1557526779159
0.0,0.0,6.43,19.0,1557526779261
0.0,0.0,6.43,19.0,1557526779376
0.0,0.0,6.43,19.0,1557526779463
0.0,0.0,6.43,19.0,1557526779565
0.0,0.0,6.43,19.0,1557526779683
0.0,0.0,6.43,19.0,1557526779768
0.0,0.0,6.43,19.0,1557526779872
0.0,0.0,6.43,19.0,1557526779973
0.0,0.0,6.43,19.0,1557526780072
0.0,0.0,6.43,19.0,1557526780175
0.0,0.0,6.43,19.0,1557526780275
0.0,0.0,6.43,19.0,1557526780400
0.0,0.0,6.46,19.0,1557526780477
0.0,0.0,6.46,19.0,1557526780578
0.0,0.0,6.46,19.0,1557526780707
0.0,0.0,6.46,19.0,1557526780781
0.0,0.0,6.46,19.0,1557526781117
0.0,0.0,6.48,19.0,1557526781187
0.0,0.0,6.48,19.0,1557526781288
0.0,0.0,6.46,19.0,1557526781391
0.0,0.0,6.48,19.0,1557526781491
35.16413116455078,139.61203002929688,6.48,19.0,1557526781491
0.0,0.0,6.46,19.0,1557526781629
0.0,0.0,6.46,19.0,1557526781696
0.0,0.0,6.46,19.0,1557526781795
0.0,0.0,6.43,19.0,1557526781937
0.0,0.0,6.43,19.0,1557526781998
0.0,0.0,6.4,19.0,1557526782099
0.0,0.0,6.4,19.0,1557526782220
0.0,0.0,6.37,19.0,1557526782300
0.0,0.0,6.37,19.0,1557526782403
0.0,0.0,6.35,19.0,1557526782503
0.0,0.0,6.35,19.0,1557526782604
0.0,0.0,6.32,19.0,1557526783165
0.0,0.0,6.32,19.0,1557526783166
0.0,0.0,6.29,19.0,1557526783167
0.0,0.0,6.29,19.0,1557526783167
0.0,0.0,6.27,19.0,1557526783168
0.0,0.0,6.24,19.0,1557526783212
0.0,0.0,6.24,19.0,1557526783314
0.0,0.0,6.21,19.0,1557526783417
0.0,0.0,6.21,19.0,1557526783516
0.0,0.0,6.21,19.0,1557526783677
0.0,0.0,6.18,19.0,1557526783719
0.0,0.0,6.18,19.0,1557526783822
35.16413879394531,139.6120147705078,6.18,19.0,1557526783825
0.0,0.0,6.16,19.0,1557526783969
0.0,0.0,6.18,19.0,1557526784023
0.0,0.0,6.16,19.0,1557526784125
0.0,0.0,6.16,19.0,1557526784226
0.0,0.0,6.16,19.0,1557526784327
0.0,0.0,6.13,19.0,1557526784496
0.0,0.0,6.13,19.0,1557526784530
0.0,0.0,6.13,19.0,1557526784630
0.0,0.0,6.13,19.0,1557526784803
0.0,0.0,6.13,19.0,1557526784843
0.0,0.0,6.13,19.0,1557526784934
0.0,0.0,6.13,19.0,1557526785035
0.0,0.0,6.13,19.0,1557526785137
0.0,0.0,6.16,19.0,1557526785315
0.0,0.0,6.16,19.0,1557526785340
0.0,0.0,6.18,19.0,1557526785443
0.0,0.0,6.18,19.0,1557526785623
0.0,0.0,6.21,19.0,1557526785644
0.0,0.0,6.24,19.0,1557526785745
0.0,0.0,6.24,19.0,1557526785930
0.0,0.0,6.27,19.0,1557526785948
0.0,0.0,6.29,19.0,1557526786052
0.0,0.0,6.32,19.0,1557526786215
0.0,0.0,6.35,19.0,1557526786253
0.0,0.0,6.37,19.0,1557526786353
0.0,0.0,6.4,19.0,1557526786457
35.164146423339844,139.6119842529297,6.4,19.0,1557526786459
0.0,0.0,6.43,19.0,1557526786556
0.0,0.0,6.46,19.0,1557526786750
0.0,0.0,6.48,19.0,1557526786760
0.0,0.0,6.51,19.0,1557526786861
0.0,0.0,6.57,19.0,1557526787056
0.0,0.0,6.62,19.0,1557526787066
0.0,0.0,6.65,19.0,1557526787165
0.0,0.0,6.65,19.0,1557526787267
0.0,0.0,6.7,19.0,1557526787368
0.0,0.0,6.7,19.0,1557526787568
0.0,0.0,6.76,19.0,1557526787571
0.0,0.0,6.76,19.0,1557526788184
0.0,0.0,6.81,19.0,1557526788185
0.0,0.0,6.84,19.0,1557526788186
0.0,0.0,6.87,19.0,1557526788191
0.0,0.0,6.92,19.0,1557526788192
0.0,0.0,6.95,19.0,1557526788194
0.0,0.0,6.98,19.0,1557526788282
0.0,0.0,7.03,19.0,1557526788383
0.0,0.0,7.06,19.0,1557526788487
0.0,0.0,7.09,19.0,1557526788585
0.0,0.0,7.11,19.0,1557526788695
0.0,0.0,7.14,19.0,1557526788788
0.0,0.0,7.14,19.0,1557526788889
0.0,0.0,7.11,19.0,1557526788990
0.0,0.0,7.11,19.0,1557526789092
0.0,0.0,7.14,19.0,1557526789193
0.0,0.0,7.11,19.0,1557526789295
0.0,0.0,7.11,19.0,1557526789412
0.0,0.0,7.09,19.0,1557526789499
0.0,0.0,7.09,19.0,1557526789599
0.0,0.0,7.09,19.0,1557526789719
0.0,0.0,7.06,19.0,1557526789801
0.0,0.0,7.06,19.0,1557526789903
35.164161682128906,139.6119384765625,7.06,19.0,1557526789911
0.0,0.0,7.03,19.0,1557526790005
0.0,0.0,7.0,19.0,1557526790105
0.0,0.0,6.95,19.0,1557526790207
0.0,0.0,6.92,19.0,1557526790310
0.0,0.0,6.87,19.0,1557526790540
0.0,0.0,6.84,19.0,1557526790541
0.0,0.0,6.84,19.0,1557526790612
0.0,0.0,6.84,19.0,1557526790713
0.0,0.0,6.79,19.0,1557526790848
0.0,0.0,6.76,19.0,1557526790916
0.0,0.0,6.73,19.0,1557526791017
0.0,0.0,6.7,19.0,1557526791150
0.0,0.0,6.62,19.0,1557526791321
0.0,0.0,6.59,19.0,1557526791423
0.0,0.0,6.54,19.0,1557526791526
0.0,0.0,6.51,19.0,1557526791664
0.0,0.0,6.48,19.0,1557526791727
0.0,0.0,6.46,19.0,1557526791828
0.0,0.0,6.46,19.0,1557526791972
0.0,0.0,6.4,19.0,1557526792031
0.0,0.0,6.43,19.0,1557526792131
0.0,0.0,6.43,19.0,1557526792264
0.0,0.0,6.43,19.0,1557526792337
0.0,0.0,6.4,19.0,1557526792436
0.0,0.0,6.4,19.0,1557526792539
0.0,0.0,6.4,19.0,1557526793200
0.0,0.0,6.46,19.0,1557526793201
0.0,0.0,6.46,19.0,1557526793201
0.0,0.0,6.48,19.0,1557526793201
0.0,0.0,6.46,19.0,1557526793202
0.0,0.0,6.48,19.0,1557526793202
0.0,0.0,6.54,19.0,1557526793247
0.0,0.0,6.57,19.0,1557526793349
35.1641731262207,139.6118927001953,6.57,19.0,1557526793350
0.0,0.0,6.59,19.0,1557526793450
0.0,0.0,6.59,19.0,1557526793553
0.0,0.0,6.65,19.0,1557526793712
0.0,0.0,6.7,19.0,1557526793757
0.0,0.0,6.76,19.0,1557526793856
0.0,0.0,6.76,19.0,1557526794005
0.0,0.0,6.81,19.0,1557526794058
0.0,0.0,6.84,19.0,1557526794160
0.0,0.0,6.92,19.0,1557526794261
0.0,0.0,6.95,19.0,1557526794363
0.0,0.0,7.03,19.0,1557526794531
0.0,0.0,7.11,19.0,1557526794568
0.0,0.0,7.14,19.0,1557526794668
0.0,0.0,7.22,19.0,1557526794839
0.0,0.0,7.31,19.0,1557526794870
0.0,0.0,7.33,19.0,1557526794971
0.0,0.0,7.33,19.0,1557526795085
0.0,0.0,7.39,19.0,1557526795174
0.0,0.0,7.39,19.0,1557526795350
0.0,0.0,7.44,19.0,1557526795377
0.0,0.0,7.47,19.0,1557526795478
0.0,0.0,7.5,19.0,1557526795658
0.0,0.0,7.55,19.0,1557526795681
0.0,0.0,7.63,19.0,1557526795783
0.0,0.0,7.66,19.0,1557526795965
0.0,0.0,7.61,19.0,1557526795986
0.0,0.0,7.69,19.0,1557526796088
0.0,0.0,7.72,19.0,1557526796274
0.0,0.0,7.8,19.0,1557526796292
0.0,0.0,7.8,19.0,1557526796391
0.0,0.0,7.8,19.0,1557526796493
0.0,0.0,7.8,19.0,1557526796596
0.0,0.0,7.77,19.0,1557526796784
0.0,0.0,7.83,19.0,1557526796797
0.0,0.0,7.88,19.0,1557526796898
0.0,0.0,7.85,19.0,1557526797091
0.0,0.0,7.88,19.0,1557526797101
0.0,0.0,7.94,19.0,1557526797203
0.0,0.0,7.94,19.0,1557526797304
0.0,0.0,8.02,19.0,1557526797405
0.0,0.0,8.04,19.0,1557526797603
0.0,0.0,8.04,19.0,1557526797614
0.0,0.0,8.069,19.0,1557526797710
35.16420364379883,139.61183166503906,8.069,19.0,1557526797860
0.0,0.0,8.069,19.0,1557526797912
0.0,0.0,8.04,19.0,1557526797913
0.0,0.0,8.069,19.0,1557526798014
0.0,0.0,8.1,19.0,1557526798218
0.0,0.0,8.13,19.0,1557526798228
0.0,0.0,8.21,19.0,1557526798318
0.0,0.0,8.24,19.0,1557526798525
0.0,0.0,8.32,19.0,1557526798526
0.0,0.0,8.35,19.0,1557526798625
0.0,0.0,8.4,19.0,1557526798724
0.0,0.0,8.48,19.0,1557526799422
0.0,0.0,8.51,19.0,1557526799423
0.0,0.0,8.54,19.0,1557526799447
0.0,0.0,8.56,19.0,1557526799447
0.0,0.0,8.65,19.0,1557526799448
0.0,0.0,8.67,19.0,1557526799448
0.0,0.0,8.67,19.0,1557526799448
0.0,0.0,8.7,19.0,1557526799536
0.0,0.0,8.73,19.0,1557526799640
0.0,0.0,8.78,19.0,1557526799741
0.0,0.0,8.87,19.0,1557526799856
0.0,0.0,8.95,19.0,1557526799942
0.0,0.0,8.98,19.0,1557526800043
0.0,0.0,8.98,19.0,1557526800145
35.16421127319336,139.61181640625,8.98,19.0,1557526800146
0.0,0.0,9.06,19.0,1557526800247
0.0,0.0,9.06,19.0,1557526800370
0.0,0.0,9.09,19.0,1557526800450
0.0,0.0,9.11,19.0,1557526800551
0.0,0.0,9.11,19.0,1557526800675
0.0,0.0,9.11,19.0,1557526800754
0.0,0.0,9.14,19.0,1557526800855
0.0,0.0,9.14,19.0,1557526800983
0.0,0.0,9.17,19.0,1557526801058
0.0,0.0,9.22,19.0,1557526801159
0.0,0.0,9.22,19.0,1557526801290
0.0,0.0,9.22,19.0,1557526801362
0.0,0.0,9.22,19.0,1557526801565
0.0,0.0,9.22,19.0,1557526801669
0.0,0.0,9.22,19.0,1557526801802
0.0,0.0,9.22,19.0,1557526801869
0.0,0.0,9.22,19.0,1557526801971
0.0,0.0,9.22,19.0,1557526802111
0.0,0.0,9.22,19.0,1557526802174
0.0,0.0,9.25,19.0,1557526802275
0.0,0.0,9.25,19.0,1557526802405
0.0,0.0,9.25,19.0,1557526802478
0.0,0.0,9.25,19.0,1557526802579
0.0,0.0,9.25,19.0,1557526802764
0.0,0.0,9.25,19.0,1557526802785
0.0,0.0,9.25,19.0,1557526802928
0.0,0.0,9.28,19.0,1557526802985
0.0,0.0,9.28,19.0,1557526803086
0.0,0.0,9.28,19.0,1557526803234
0.0,0.0,9.28,19.0,1557526803289
0.0,0.0,9.3,19.0,1557526803391
0.0,0.0,9.3,19.0,1557526803541
0.0,0.0,9.3,19.0,1557526803597
35.16423797607422,139.61178588867188,9.33,19.0,1557526803876
0.0,0.0,9.33,19.0,1557526804043
0.0,0.0,9.33,19.0,1557526804102
0.0,0.0,9.33,19.0,1557526804202
0.0,0.0,9.33,19.0,1557526804362
0.0,0.0,9.36,19.0,1557526804406
0.0,0.0,9.36,19.0,1557526804506
0.0,0.0,9.36,19.0,1557526804607
0.0,0.0,9.39,19.0,1557526804711
0.0,0.0,9.39,19.0,1557526804874
0.0,0.0,9.39,19.0,1557526804911
0.0,0.0,9.39,19.0,1557526805013
0.0,0.0,9.41,19.0,1557526805181
0.0,0.0,9.41,19.0,1557526805216
0.0,0.0,9.41,19.0,1557526805322
0.0,0.0,9.41,19.0,1557526805482
0.0,0.0,9.44,19.0,1557526805520
0.0,0.0,9.44,19.0,1557526805621
0.0,0.0,9.44,19.0,1557526805725
0.0,0.0,9.44,19.0,1557526805824
0.0,0.0,9.44,19.0,1557526806002
0.0,0.0,9.47,19.0,1557526806027
0.0,0.0,9.47,19.0,1557526806129
35.164249420166016,139.6117706298828,9.47,19.0,1557526806130
0.0,0.0,9.47,19.0,1557526806307
0.0,0.0,9.47,19.0,1557526806332
0.0,0.0,9.5,19.0,1557526806433
0.0,0.0,9.5,19.0,1557526806535
0.0,0.0,9.5,19.0,1557526806636
0.0,0.0,9.5,19.0,1557526806820
0.0,0.0,9.5,19.0,1557526806842
0.0,0.0,9.5,19.0,1557526807433
0.0,0.0,9.5,19.0,1557526807448
0.0,0.0,9.52,19.0,1557526807449
0.0,0.0,9.52,19.0,1557526807449
0.0,0.0,9.52,19.0,1557526807450
0.0,0.0,9.52,19.0,1557526807450
0.0,0.0,9.52,19.0,1557526807549
0.0,0.0,9.52,19.0,1557526807651
0.0,0.0,9.52,19.0,1557526807754
0.0,0.0,9.52,19.0,1557526807946
0.0,0.0,9.52,19.0,1557526807955
0.0,0.0,9.52,19.0,1557526808056
0.0,0.0,9.52,19.0,1557526808254
0.0,0.0,9.52,19.0,1557526808264
0.0,0.0,9.52,19.0,1557526808367
0.0,0.0,9.52,19.0,1557526808560
0.0,0.0,9.55,19.0,1557526808563
0.0,0.0,9.55,19.0,1557526808665
0.0,0.0,9.55,19.0,1557526808867
0.0,0.0,9.55,19.0,1557526808868
0.0,0.0,9.55,19.0,1557526808969
0.0,0.0,9.55,19.0,1557526809175
0.0,0.0,9.52,19.0,1557526809175
0.0,0.0,9.52,19.0,1557526809274
0.0,0.0,9.52,19.0,1557526809376
0.0,0.0,9.52,19.0,1557526809476
0.0,0.0,9.52,19.0,1557526809578
35.164268493652344,139.61172485351562,9.52,19.0,1557526809578
0.0,0.0,9.52,19.0,1557526809679
0.0,0.0,9.5,19.0,1557526809782
0.0,0.0,9.5,19.0,1557526809882
0.0,0.0,9.5,19.0,1557526809994
0.0,0.0,9.5,19.0,1557526810085
0.0,0.0,9.5,19.0,1557526810186
0.0,0.0,9.5,19.0,1557526810301
0.0,0.0,9.5,19.0,1557526810389
0.0,0.0,9.5,19.0,1557526810491
0.0,0.0,9.5,19.0,1557526810592
0.0,0.0,9.5,19.0,1557526810693
0.0,0.0,9.5,19.0,1557526810797
0.0,0.0,9.5,19.0,1557526810896
0.0,0.0,9.5,19.0,1557526811018
0.0,0.0,9.5,19.0,1557526811099
0.0,0.0,9.5,19.0,1557526811200
0.0,0.0,9.5,19.0,1557526811325
0.0,0.0,9.5,19.0,1557526811406
0.0,0.0,9.5,19.0,1557526811505
0.0,0.0,9.5,19.0,1557526811606
0.0,0.0,9.5,19.0,1557526811812
0.0,0.0,9.5,19.0,1557526811911
35.16427230834961,139.61170959472656,9.5,19.0,1557526811912
0.0,0.0,9.5,19.0,1557526812452
0.0,0.0,9.52,19.0,1557526812453
0.0,0.0,9.52,19.0,1557526812454
0.0,0.0,9.52,19.0,1557526812455
0.0,0.0,9.52,19.0,1557526812455
0.0,0.0,9.52,19.0,1557526812519
0.0,0.0,9.52,19.0,1557526812621
0.0,0.0,9.52,19.0,1557526812722
0.0,0.0,9.52,19.0,1557526812825
0.0,0.0,9.52,19.0,1557526812963
0.0,0.0,9.52,19.0,1557526813026
0.0,0.0,9.52,19.0,1557526813127
0.0,0.0,9.52,19.0,1557526813271
0.0,0.0,9.52,19.0,1557526813330
0.0,0.0,9.55,19.0,1557526813432
0.0,0.0,9.55,19.0,1557526813578
0.0,0.0,9.55,19.0,1557526813635
0.0,0.0,9.55,19.0,1557526813736
0.0,0.0,9.55,19.0,1557526813886
0.0,0.0,9.55,19.0,1557526813939
0.0,0.0,9.55,19.0,1557526814040
0.0,0.0,9.55,19.0,1557526814192
0.0,0.0,9.55,19.0,1557526814245
0.0,0.0,9.55,19.0,1557526814345
0.0,0.0,9.55,19.0,1557526814499
35.16427993774414,139.61167907714844,9.55,19.0,1557526814500
0.0,0.0,9.58,19.0,1557526814548
0.0,0.0,9.58,19.0,1557526814649
0.0,0.0,9.58,19.0,1557526814750
0.0,0.0,9.58,19.0,1557526814854
0.0,0.0,9.58,19.0,1557526815011
0.0,0.0,9.58,19.0,1557526815156
0.0,0.0,9.58,19.0,1557526815318
0.0,0.0,9.58,19.0,1557526815365
0.0,0.0,9.58,19.0,1557526815460
0.0,0.0,9.58,19.0,1557526815562
0.0,0.0,9.58,19.0,1557526815663
0.0,0.0,9.58,19.0,1557526815765
0.0,0.0,9.58,19.0,1557526815866
0.0,0.0,9.58,19.0,1557526815970
0.0,0.0,9.58,19.0,1557526816138
0.0,0.0,9.58,19.0,1557526816171
0.0,0.0,9.58,19.0,1557526816272
0.0,0.0,9.58,19.0,1557526816445
0.0,0.0,9.58,19.0,1557526816475
0.0,0.0,9.58,19.0,1557526816576
0.0,0.0,9.58,19.0,1557526816678
0.0,0.0,9.58,19.0,1557526816779
0.0,0.0,9.58,19.0,1557526817470
0.0,0.0,9.58,19.0,1557526817470
0.0,0.0,9.58,19.0,1557526817470
0.0,0.0,9.58,19.0,1557526817471
0.0,0.0,9.58,19.0,1557526817471
0.0,0.0,9.58,19.0,1557526817471
0.0,0.0,9.58,19.0,1557526817491
0.0,0.0,9.58,19.0,1557526817591
0.0,0.0,9.58,19.0,1557526817692
0.0,0.0,9.58,19.0,1557526817793
0.0,0.0,9.58,19.0,1557526817981
0.0,0.0,9.58,19.0,1557526817998
0.0,0.0,9.58,19.0,1557526818288
0.0,0.0,9.58,19.0,1557526818305
0.0,0.0,9.58,19.0,1557526818402
0.0,0.0,9.58,19.0,1557526818595
35.164283752441406,139.6116180419922,9.58,19.0,1557526818597
0.0,0.0,9.58,19.0,1557526818605
0.0,0.0,9.58,19.0,1557526818706
0.0,0.0,9.58,19.0,1557526818903
0.0,0.0,9.58,19.0,1557526818909
0.0,0.0,9.58,19.0,1557526819012
0.0,0.0,9.58,19.0,1557526819210
0.0,0.0,9.58,19.0,1557526819243
0.0,0.0,9.58,19.0,1557526819315
0.0,0.0,9.58,19.0,1557526819517
0.0,0.0,9.58,19.0,1557526819523
0.0,0.0,9.58,19.0,1557526819619
0.0,0.0,9.58,19.0,1557526819720
0.0,0.0,9.58,19.0,1557526819827
0.0,0.0,9.58,19.0,1557526819926
0.0,0.0,9.58,19.0,1557526820135
0.0,0.0,9.58,19.0,1557526820136
0.0,0.0,9.58,19.0,1557526820228
0.0,0.0,9.55,19.0,1557526820329
0.0,0.0,9.55,19.0,1557526820439
0.0,0.0,9.55,19.0,1557526820534
0.0,0.0,9.55,19.0,1557526820633
0.0,0.0,9.55,19.0,1557526820735
0.0,0.0,9.55,19.0,1557526820837
0.0,0.0,9.55,19.0,1557526820951
35.16428756713867,139.61160278320312,9.55,19.0,1557526820952
35.16428756713867,139.611572265625,9.55,19.0,1557526820967
0.0,0.0,9.55,19.0,1557526821041
0.0,0.0,9.55,19.0,1557526821140
0.0,0.0,9.52,19.0,1557526821258
0.0,0.0,9.52,19.0,1557526821343
0.0,0.0,9.52,19.0,1557526821445
0.0,0.0,9.52,19.0,1557526821565
0.0,0.0,9.52,19.0,1557526821648
0.0,0.0,9.52,19.0,1557526821751
0.0,0.0,9.52,19.0,1557526821851
0.0,0.0,9.52,19.0,1557526821962
0.0,0.0,9.52,19.0,1557526822589
0.0,0.0,9.52,19.0,1557526822593
0.0,0.0,9.52,19.0,1557526822594
0.0,0.0,9.55,19.0,1557526822595
0.0,0.0,9.55,19.0,1557526822596
0.0,0.0,9.55,19.0,1557526822597
0.0,0.0,9.55,19.0,1557526822662
0.0,0.0,9.52,19.0,1557526822763
0.0,0.0,9.52,19.0,1557526822865
0.0,0.0,9.52,19.0,1557526822966
0.0,0.0,9.52,19.0,1557526823101
0.0,0.0,9.52,19.0,1557526823169
0.0,0.0,9.52,19.0,1557526823270
0.0,0.0,9.52,19.0,1557526823408
0.0,0.0,9.52,19.0,1557526823474
0.0,0.0,9.52,19.0,1557526823575
0.0,0.0,9.52,19.0,1557526823717
0.0,0.0,9.52,19.0,1557526823778
0.0,0.0,9.52,19.0,1557526823880
0.0,0.0,9.52,19.0,1557526824023
0.0,0.0,9.52,19.0,1557526824084
0.0,0.0,9.52,19.0,1557526824184
0.0,0.0,9.52,19.0,1557526824329
0.0,0.0,9.52,19.0,1557526824386
0.0,0.0,9.52,19.0,1557526824488
0.0,0.0,9.52,19.0,1557526824589
0.0,0.0,9.52,19.0,1557526824690
0.0,0.0,9.52,19.0,1557526824792
0.0,0.0,9.52,19.0,1557526824893
0.0,0.0,9.52,19.0,1557526825047
0.0,0.0,9.52,19.0,1557526825098
0.0,0.0,9.52,19.0,1557526825197
0.0,0.0,9.52,19.0,1557526825354
0.0,0.0,9.52,19.0,1557526825401
0.0,0.0,9.52,19.0,1557526825503
0.0,0.0,9.52,19.0,1557526825603
35.16428756713867,139.61151123046875,9.52,19.0,1557526825604
0.0,0.0,9.52,19.0,1557526825705
0.0,0.0,9.5,19.0,1557526825806
0.0,0.0,9.5,19.0,1557526825908
0.0,0.0,9.5,19.0,1557526826071
0.0,0.0,9.5,19.0,1557526826112
0.0,0.0,9.5,19.0,1557526826212
0.0,0.0,9.5,19.0,1557526826378
0.0,0.0,9.5,19.0,1557526826416
0.0,0.0,9.5,19.0,1557526826516
0.0,0.0,9.47,19.0,1557526826617
0.0,0.0,9.47,19.0,1557526826718
0.0,0.0,9.47,19.0,1557526826822
0.0,0.0,9.47,19.0,1557526826921
0.0,0.0,9.47,19.0,1557526827128
0.0,0.0,9.44,19.0,1557526827225
0.0,0.0,9.44,19.0,1557526827402
0.0,0.0,9.44,19.0,1557526827429
0.0,0.0,9.44,19.0,1557526827530
0.0,0.0,9.44,19.0,1557526828132
0.0,0.0,9.44,19.0,1557526828135
0.0,0.0,9.44,19.0,1557526828136
0.0,0.0,9.41,19.0,1557526828137
0.0,0.0,9.41,19.0,1557526828142
0.0,0.0,9.41,19.0,1557526828147
0.0,0.0,9.41,19.0,1557526828240
0.0,0.0,9.41,19.0,1557526828443
0.0,0.0,9.41,19.0,1557526828631
0.0,0.0,9.41,19.0,1557526828646
0.0,0.0,9.39,19.0,1557526828747
0.0,0.0,9.39,19.0,1557526828938
0.0,0.0,9.39,19.0,1557526828955
0.0,0.0,9.39,19.0,1557526829051
0.0,0.0,9.39,19.0,1557526829245
35.164276123046875,139.61146545410156,9.39,19.0,1557526829253
0.0,0.0,9.39,19.0,1557526829254
0.0,0.0,9.39,19.0,1557526829355
0.0,0.0,9.39,19.0,1557526829552
0.0,0.0,9.39,19.0,1557526829561
0.0,0.0,9.39,19.0,1557526829660
0.0,0.0,9.39,19.0,1557526829761
0.0,0.0,9.39,19.0,1557526829863
0.0,0.0,9.39,19.0,1557526830064
0.0,0.0,9.39,19.0,1557526830071
0.0,0.0,9.39,19.0,1557526830169
0.0,0.0,9.39,19.0,1557526830370
0.0,0.0,9.39,19.0,1557526830371
0.0,0.0,9.39,19.0,1557526830471
0.0,0.0,9.39,19.0,1557526830574
0.0,0.0,9.39,19.0,1557526830675
0.0,0.0,9.39,19.0,1557526830775
0.0,0.0,9.36,19.0,1557526830877
0.0,0.0,9.36,19.0,1557526830978
0.0,0.0,9.36,19.0,1557526831088
0.0,0.0,9.36,19.0,1557526831183
0.0,0.0,9.36,19.0,1557526831283
0.0,0.0,9.33,19.0,1557526831395
0.0,0.0,9.33,19.0,1557526831485
0.0,0.0,9.33,19.0,1557526831587
35.164268493652344,139.61143493652344,9.33,19.0,1557526831588
0.0,0.0,9.33,18.0,1557526831689
0.0,0.0,9.3,18.0,1557526831790
0.0,0.0,9.3,18.0,1557526831892
0.0,0.0,9.3,18.0,1557526831993
0.0,0.0,9.3,18.0,1557526832112
0.0,0.0,9.3,18.0,1557526832202
0.0,0.0,9.28,18.0,1557526832297
0.0,0.0,9.28,18.0,1557526832419
0.0,0.0,9.28,18.0,1557526832500
0.0,0.0,9.25,18.0,1557526832601
0.0,0.0,9.25,18.0,1557526833131
0.0,0.0,9.22,18.0,1557526833131
0.0,0.0,9.22,18.0,1557526833137
0.0,0.0,9.22,18.0,1557526833138
0.0,0.0,9.19,18.0,1557526833138
0.0,0.0,9.19,18.0,1557526833211
0.0,0.0,9.19,18.0,1557526833311
0.0,0.0,9.19,18.0,1557526833412
0.0,0.0,9.19,18.0,1557526833513
0.0,0.0,9.19,18.0,1557526833648
0.0,0.0,9.19,18.0,1557526833716
0.0,0.0,9.17,18.0,1557526833818
0.0,0.0,9.17,18.0,1557526833955
0.0,0.0,9.17,18.0,1557526834021
35.16425704956055,139.61141967773438,9.17,18.0,1557526834022
0.0,0.0,9.17,18.0,1557526834122
0.0,0.0,9.17,18.0,1557526834261
0.0,0.0,9.17,18.0,1557526834325
0.0,0.0,9.17,18.0,1557526834426
0.0,0.0,9.17,18.0,1557526834570
0.0,0.0,9.17,18.0,1557526834629
0.0,0.0,9.17,18.0,1557526834731
0.0,0.0,9.17,18.0,1557526834832
0.0,0.0,9.17,18.0,1557526834933
0.0,0.0,9.17,18.0,1557526835082
0.0,0.0,9.17,18.0,1557526835139
0.0,0.0,9.14,18.0,1557526835240
0.0,0.0,9.14,18.0,1557526835389
0.0,0.0,9.14,18.0,1557526835441
0.0,0.0,9.14,18.0,1557526835542
0.0,0.0,9.14,18.0,1557526835646
