0.0,0.0,3.704,23.6,1601676427035
0.0,0.0,3.704,23.6,1601676427131
0.0,0.0,3.694,23.6,1601676427199
0.0,0.0,3.694,23.6,1601676427269
0.0,0.0,3.694,23.6,1601676427339
0.0,0.0,3.694,23.6,1601676427482
0.0,0.0,3.694,23.6,1601676427549
0.0,0.0,3.694,23.6,1601676427619
0.0,0.0,3.694,23.6,1601676427689
0.0,0.0,3.704,23.6,1601676427829
0.0,0.0,3.704,23.6,1601676427899
0.0,0.0,3.704,23.6,1601676427969
0.0,0.0,3.704,23.6,1601676428039
0.0,0.0,3.704,23.6,1601676428109
0.0,0.0,3.704,23.6,1601676428342
0.0,0.0,3.704,23.6,1601676428359
0.0,0.0,3.704,23.6,1601676428364
0.0,0.0,3.704,23.6,1601676428391
0.0,0.0,3.704,23.6,1601676428459
0.0,0.0,3.704,23.6,1601676428529
0.0,0.0,3.704,23.6,1601676428599
0.0,0.0,3.704,23.6,1601676428669
0.0,0.0,3.704,23.6,1601676428739
0.0,0.0,3.704,23.6,1601676428809
0.0,0.0,3.704,23.6,1601676428879
0.0,0.0,3.715,23.6,1601676428949
0.0,0.0,3.715,23.6,1601676429019
0.0,0.0,3.715,23.6,1601676429094
0.0,0.0,3.704,23.6,1601676429160
0.0,0.0,3.704,23.6,1601676429230
0.0,0.0,3.704,23.6,1601676429301
0.0,0.0,3.704,23.6,1601676429368
0.0,0.0,3.704,23.6,1601676429601
0.0,0.0,3.704,23.6,1601676429606
0.0,0.0,3.704,23.6,1601676429611
0.0,0.0,3.704,23.6,1601676429649
0.0,0.0,3.715,23.6,1601676429720
0.0,0.0,3.704,23.6,1601676429789
0.0,0.0,3.715,23.6,1601676429861
0.0,0.0,3.715,23.6,1601676429930
0.0,0.0,3.715,23.6,1601676429999
0.0,0.0,3.715,23.6,1601676430069
0.0,0.0,3.715,23.6,1601676430140
0.0,0.0,3.715,23.6,1601676430279
0.0,0.0,3.715,23.6,1601676430356
0.0,0.0,3.715,23.6,1601676430419
0.0,0.0,3.715,23.6,1601676430489
0.0,0.0,3.715,23.6,1601676430559
0.0,0.0,3.715,23.6,1601676430628
0.0,0.0,3.715,23.6,1601676430868
0.0,0.0,3.715,23.6,1601676430872
0.0,0.0,3.715,23.6,1601676430877
0.0,0.0,3.715,23.6,1601676430909
0.0,0.0,3.715,23.6,1601676430979
0.0,0.0,3.715,23.6,1601676431051
0.0,0.0,3.715,23.6,1601676431119
0.0,0.0,3.715,23.6,1601676431189
0.0,0.0,3.715,23.6,1601676431271
0.0,0.0,3.715,23.6,1601676431817
0.0,0.0,3.715,23.6,1601676431824
0.0,0.0,3.715,23.6,1601676431828
0.0,0.0,3.715,23.6,1601676431831
0.0,0.0,3.715,23.6,1601676431835
0.0,0.0,3.715,23.6,1601676431839
0.0,0.0,3.715,23.6,1601676431850
0.0,0.0,3.715,23.6,1601676431864
0.0,0.0,3.715,23.6,1601676431958
0.0,0.0,3.715,23.6,1601676432685
0.0,0.0,3.715,23.6,1601676432689
0.0,0.0,3.715,23.6,1601676432692
0.0,0.0,3.715,23.6,1601676432706
0.0,0.0,3.715,23.6,1601676432711
0.0,0.0,3.715,23.6,1601676432719
0.0,0.0,3.715,23.6,1601676432727
0.0,0.0,3.715,23.6,1601676432732
0.0,0.0,3.715,23.6,1601676432736
0.0,0.0,3.715,23.6,1601676432741
0.0,0.0,3.715,23.6,1601676432745
0.0,0.0,3.715,23.6,1601676432799
0.0,0.0,3.725,23.6,1601676432870
0.0,0.0,3.725,23.6,1601676432939
0.0,0.0,3.725,23.6,1601676433008
0.0,0.0,3.725,23.6,1601676433097
0.0,0.0,3.725,23.6,1601676433148
0.0,0.0,3.725,23.6,1601676433219
0.0,0.0,3.736,23.6,1601676433289
0.0,0.0,3.736,23.6,1601676433359
0.0,0.0,3.736,23.6,1601676433428
0.0,0.0,3.736,23.6,1601676433500
0.0,0.0,3.736,23.6,1601676433569
0.0,0.0,3.736,23.6,1601676433639
0.0,0.0,3.736,23.6,1601676433709
0.0,0.0,3.725,23.6,1601676434010
0.0,0.0,3.725,23.6,1601676434017
0.0,0.0,3.725,23.6,1601676434029
0.0,0.0,3.725,23.6,1601676434035
0.0,0.0,3.736,23.6,1601676434059
0.0,0.0,3.736,23.6,1601676434129
0.0,0.0,3.736,23.6,1601676434199
0.0,0.0,3.746,23.6,1601676434269
0.0,0.0,3.746,23.6,1601676434338
0.0,0.0,3.746,23.6,1601676434409
0.0,0.0,3.756,23.6,1601676434512
0.0,0.0,3.756,23.6,1601676434549
0.0,0.0,3.756,23.6,1601676434619
0.0,0.0,3.756,23.6,1601676434689
0.0,0.0,3.767,23.6,1601676434759
0.0,0.0,3.767,23.6,1601676434829
0.0,0.0,3.756,23.6,1601676434899
0.0,0.0,3.756,23.6,1601676434968
0.0,0.0,3.756,23.6,1601676435039
35.16227722167969,139.6151885986328,3.756,23.6,1601676435049
0.0,0.0,3.756,23.6,1601676435292
0.0,0.0,3.756,23.6,1601676435316
0.0,0.0,3.756,23.6,1601676435341
0.0,0.0,3.756,23.6,1601676435349
0.0,0.0,3.756,23.6,1601676435393
0.0,0.0,3.756,23.6,1601676435459
0.0,0.0,3.767,23.6,1601676435606
0.0,0.0,3.767,23.6,1601676435613
0.0,0.0,3.767,23.6,1601676435670
0.0,0.0,3.767,23.6,1601676435739
0.0,0.0,3.767,23.6,1601676435809
0.0,0.0,3.777,23.6,1601676435879
0.0,0.0,3.777,23.6,1601676435949
0.0,0.0,3.777,23.6,1601676436018
0.0,0.0,3.788,23.6,1601676436088
0.0,0.0,3.788,23.6,1601676436159
0.0,0.0,3.798,23.6,1601676436228
0.0,0.0,3.798,23.6,1601676436391
35.16229248046875,139.6151885986328,3.798,23.6,1601676436396
0.0,0.0,3.798,23.6,1601676436609
0.0,0.0,3.798,23.6,1601676436614
0.0,0.0,3.788,23.6,1601676436618
0.0,0.0,3.798,23.6,1601676436622
0.0,0.0,3.798,23.6,1601676436658
0.0,0.0,3.798,23.6,1601676436720
0.0,0.0,3.798,23.6,1601676436789
0.0,0.0,3.798,23.6,1601676436859
0.0,0.0,3.798,23.6,1601676436928
0.0,0.0,3.798,23.6,1601676436998
0.0,0.0,3.798,23.6,1601676437756
0.0,0.0,3.798,23.6,1601676438093
0.0,0.0,3.798,23.6,1601676438097
0.0,0.0,3.798,23.6,1601676438101
0.0,0.0,3.798,23.6,1601676438107
0.0,0.0,3.798,23.6,1601676438113
0.0,0.0,3.808,23.6,1601676438118
0.0,0.0,3.808,23.6,1601676438125
0.0,0.0,3.808,23.6,1601676438130
0.0,0.0,3.808,23.6,1601676438135
0.0,0.0,3.819,23.6,1601676438140
0.0,0.0,3.819,23.6,1601676438149
0.0,0.0,3.819,23.6,1601676438154
0.0,0.0,3.829,23.6,1601676438160
0.0,0.0,3.829,23.6,1601676438164
0.0,0.0,3.829,23.6,1601676438190
0.0,0.0,3.829,23.6,1601676438259
0.0,0.0,3.829,23.6,1601676438329
0.0,0.0,3.829,23.6,1601676438398
0.0,0.0,3.829,23.6,1601676438469
0.0,0.0,3.829,23.6,1601676438538
0.0,0.0,3.829,23.6,1601676438609
0.0,0.0,3.84,23.6,1601676438679
0.0,0.0,3.84,23.6,1601676438750
0.0,0.0,3.84,23.6,1601676438819
0.0,0.0,3.84,23.6,1601676438889
0.0,0.0,3.85,23.6,1601676438958
0.0,0.0,3.85,23.6,1601676439028
0.0,0.0,3.85,23.6,1601676439099
35.16230773925781,139.61517333984375,3.85,23.6,1601676439102
0.0,0.0,3.85,23.6,1601676439862
0.0,0.0,3.861,23.6,1601676439876
0.0,0.0,3.861,23.6,1601676439883
0.0,0.0,3.861,23.6,1601676439891
0.0,0.0,3.861,23.6,1601676439895
0.0,0.0,3.871,23.6,1601676439912
0.0,0.0,3.871,23.6,1601676439917
0.0,0.0,3.881,23.6,1601676439922
0.0,0.0,3.881,23.6,1601676439927
0.0,0.0,3.881,23.6,1601676439930
0.0,0.0,3.881,23.6,1601676439939
0.0,0.0,3.881,23.6,1601676440008
0.0,0.0,3.881,23.6,1601676440080
0.0,0.0,3.881,23.6,1601676440148
0.0,0.0,3.892,23.6,1601676440288
0.0,0.0,3.892,23.6,1601676440358
0.0,0.0,3.892,23.6,1601676440428
0.0,0.0,3.892,23.6,1601676440499
0.0,0.0,3.892,23.6,1601676440568
0.0,0.0,3.892,23.6,1601676440638
0.0,0.0,3.892,23.6,1601676440708
0.0,0.0,3.892,23.6,1601676440779
0.0,0.0,3.892,23.6,1601676440969
35.16232681274414,139.61517333984375,3.892,23.6,1601676440972
0.0,0.0,3.892,23.6,1601676441212
0.0,0.0,3.902,23.6,1601676441311
0.0,0.0,3.902,23.6,1601676441318
0.0,0.0,3.902,23.6,1601676441323
0.0,0.0,3.902,23.6,1601676441343
0.0,0.0,3.902,23.6,1601676441348
0.0,0.0,3.902,23.6,1601676441351
0.0,0.0,3.902,23.6,1601676441523
0.0,0.0,3.902,23.6,1601676441527
0.0,0.0,3.902,23.6,1601676441551
0.0,0.0,3.902,23.6,1601676441633
0.0,0.0,3.913,23.6,1601676441815
0.0,0.0,3.913,23.6,1601676441822
0.0,0.0,3.902,23.6,1601676441834
0.0,0.0,3.902,23.6,1601676441906
0.0,0.0,3.902,23.6,1601676442678
35.1623420715332,139.6151580810547,3.902,23.6,1601676442693
0.0,0.0,3.902,23.6,1601676442983
0.0,0.0,3.902,23.6,1601676442993
0.0,0.0,3.902,23.6,1601676442999
0.0,0.0,3.902,23.6,1601676443002
0.0,0.0,3.902,23.6,1601676443005
0.0,0.0,3.902,23.6,1601676443008
0.0,0.0,3.902,23.6,1601676443013
0.0,0.0,3.902,23.6,1601676443027
0.0,0.0,3.902,23.6,1601676443037
0.0,0.0,3.902,23.6,1601676443040
0.0,0.0,3.902,23.6,1601676443046
0.0,0.0,3.902,23.6,1601676443052
0.0,0.0,3.902,23.6,1601676443061
0.0,0.0,3.902,23.6,1601676443079
0.0,0.0,3.902,23.6,1601676443285
0.0,0.0,3.902,23.6,1601676443294
0.0,0.0,3.902,23.6,1601676443298
0.0,0.0,3.902,23.6,1601676443361
0.0,0.0,3.902,23.6,1601676443591
0.0,0.0,3.902,23.6,1601676443596
0.0,0.0,3.902,23.6,1601676443600
0.0,0.0,3.902,23.6,1601676443640
0.0,0.0,3.902,23.6,1601676443910
0.0,0.0,3.902,23.6,1601676443916
0.0,0.0,3.902,23.6,1601676443925
0.0,0.0,3.902,23.6,1601676443930
0.0,0.0,3.902,23.6,1601676443990
0.0,0.0,3.902,23.6,1601676444252
0.0,0.0,3.902,23.6,1601676444262
0.0,0.0,3.902,23.6,1601676444281
0.0,0.0,3.913,23.6,1601676444293
0.0,0.0,3.913,23.6,1601676444344
0.0,0.0,3.913,23.6,1601676444410
0.0,0.0,3.923,23.6,1601676444479
0.0,0.0,3.923,23.6,1601676444549
0.0,0.0,3.923,23.6,1601676444620
0.0,0.0,3.923,23.6,1601676444690
0.0,0.0,3.923,23.6,1601676444760
0.0,0.0,3.923,23.6,1601676444831
0.0,0.0,3.923,23.6,1601676444899
0.0,0.0,3.923,23.6,1601676444970
0.0,0.0,3.923,23.6,1601676445039
0.0,0.0,3.923,23.6,1601676445110
0.0,0.0,3.923,23.6,1601676445180
0.0,0.0,3.933,23.6,1601676445250
0.0,0.0,3.923,23.6,1601676445322
35.162353515625,139.6151580810547,3.923,23.6,1601676445325
0.0,0.0,3.933,23.6,1601676445628
0.0,0.0,3.933,23.6,1601676445634
0.0,0.0,3.933,23.6,1601676445640
0.0,0.0,3.933,23.6,1601676445644
0.0,0.0,3.933,23.6,1601676445669
0.0,0.0,3.933,23.6,1601676445740
0.0,0.0,3.933,23.6,1601676445810
0.0,0.0,3.933,23.6,1601676445880
0.0,0.0,3.933,23.6,1601676445949
0.0,0.0,3.933,23.6,1601676446019
0.0,0.0,3.933,23.6,1601676446090
0.0,0.0,3.933,23.6,1601676446160
0.0,0.0,3.933,23.6,1601676446306
0.0,0.0,3.933,23.6,1601676446370
0.0,0.0,3.933,23.6,1601676446439
0.0,0.0,3.944,23.6,1601676446509
0.0,0.0,3.944,23.6,1601676446579
0.0,0.0,3.944,23.6,1601676446649
35.16236877441406,139.61514282226562,3.944,23.6,1601676446653
0.0,0.0,3.944,23.6,1601676447345
0.0,0.0,3.933,23.6,1601676447355
0.0,0.0,3.944,23.6,1601676447372
0.0,0.0,3.944,23.6,1601676447375
0.0,0.0,3.944,23.6,1601676447586
0.0,0.0,3.944,23.6,1601676447589
0.0,0.0,3.954,23.6,1601676447598
0.0,0.0,3.954,23.6,1601676447602
0.0,0.0,3.965,23.6,1601676447606
0.0,0.0,3.965,23.6,1601676447620
0.0,0.0,3.965,23.6,1601676447625
0.0,0.0,3.965,23.6,1601676447636
0.0,0.0,3.965,23.6,1601676447710
0.0,0.0,3.965,23.6,1601676447770
0.0,0.0,3.965,23.6,1601676447840
0.0,0.0,3.975,23.6,1601676447909
0.0,0.0,3.975,23.6,1601676447979
0.0,0.0,3.975,23.6,1601676448051
0.0,0.0,3.975,23.6,1601676448119
0.0,0.0,3.975,23.6,1601676448189
0.0,0.0,3.975,23.6,1601676448259
0.0,0.0,3.985,23.6,1601676448331
0.0,0.0,3.985,23.6,1601676448404
35.16238784790039,139.61512756347656,3.985,23.6,1601676448407
0.0,0.0,3.985,23.6,1601676448644
0.0,0.0,3.985,23.6,1601676448648
0.0,0.0,3.985,23.6,1601676448654
0.0,0.0,3.985,23.6,1601676448680
0.0,0.0,3.985,23.6,1601676448749
0.0,0.0,3.985,23.6,1601676448822
0.0,0.0,3.996,23.6,1601676448892
0.0,0.0,3.996,23.6,1601676449034
0.0,0.0,4.006,23.6,1601676449102
0.0,0.0,4.006,23.6,1601676449242
0.0,0.0,4.006,23.6,1601676449313
0.0,0.0,4.017,23.6,1601676449455
0.0,0.0,4.017,23.6,1601676449522
0.0,0.0,4.006,23.6,1601676449662
0.0,0.0,4.006,23.6,1601676449957
0.0,0.0,4.006,23.6,1601676449962
0.0,0.0,4.006,23.6,1601676449976
0.0,0.0,4.006,23.6,1601676449981
0.0,0.0,4.006,23.6,1601676450012
0.0,0.0,4.006,23.6,1601676450082
0.0,0.0,4.006,23.6,1601676450152
0.0,0.0,4.017,23.6,1601676450222
0.0,0.0,4.017,23.6,1601676450292
0.0,0.0,4.017,23.6,1601676450362
0.0,0.0,4.017,23.6,1601676450558
0.0,0.0,4.017,23.6,1601676450575
0.0,0.0,4.027,23.6,1601676450642
0.0,0.0,4.027,23.6,1601676450712
0.0,0.0,4.027,23.6,1601676450782
0.0,0.0,4.027,23.6,1601676450853
0.0,0.0,4.027,23.6,1601676450922
0.0,0.0,4.027,23.6,1601676450994
35.16240310668945,139.6151123046875,4.027,23.6,1601676450998
0.0,0.0,4.027,23.6,1601676451239
0.0,0.0,4.027,23.6,1601676451267
0.0,0.0,4.037,23.6,1601676451272
0.0,0.0,4.037,23.6,1601676451283
0.0,0.0,4.037,23.6,1601676451343
0.0,0.0,4.037,23.6,1601676451412
0.0,0.0,4.027,23.6,1601676451482
0.0,0.0,4.027,23.6,1601676451552
0.0,0.0,4.027,23.6,1601676451623
0.0,0.0,4.037,23.6,1601676451696
0.0,0.0,4.037,23.6,1601676451762
0.0,0.0,4.027,23.6,1601676451832
0.0,0.0,4.037,23.6,1601676451902
0.0,0.0,4.037,23.6,1601676451988
0.0,0.0,4.037,23.6,1601676452044
0.0,0.0,4.048,23.6,1601676452604
35.16242218017578,139.61509704589844,4.048,23.6,1601676452608
0.0,0.0,4.048,23.6,1601676452833
0.0,0.0,4.058,23.6,1601676452842
0.0,0.0,4.058,23.6,1601676452846
0.0,0.0,4.058,23.6,1601676452850
0.0,0.0,4.058,23.6,1601676452854
0.0,0.0,4.048,23.6,1601676452858
0.0,0.0,4.048,23.6,1601676452869
0.0,0.0,4.058,23.6,1601676452874
0.0,0.0,4.058,23.6,1601676452879
0.0,0.0,4.069,23.6,1601676452886
0.0,0.0,4.069,23.6,1601676452953
0.0,0.0,4.069,23.6,1601676453031
0.0,0.0,4.069,23.6,1601676453093
0.0,0.0,4.069,23.6,1601676453163
0.0,0.0,4.079,23.6,1601676453233
0.0,0.0,4.079,23.6,1601676453303
0.0,0.0,4.079,23.6,1601676453373
0.0,0.0,4.079,23.6,1601676453443
0.0,0.0,4.079,23.6,1601676453512
0.0,0.0,4.079,23.6,1601676453585
0.0,0.0,4.079,23.6,1601676453657
0.0,0.0,4.089,23.6,1601676453723
0.0,0.0,4.089,23.6,1601676453794
0.0,0.0,4.089,23.6,1601676453864
0.0,0.0,4.079,23.6,1601676454140
0.0,0.0,4.079,23.6,1601676454155
0.0,0.0,4.079,23.6,1601676454159
0.0,0.0,4.079,23.6,1601676454165
0.0,0.0,4.079,23.6,1601676454213
0.0,0.0,4.079,23.6,1601676454283
0.0,0.0,4.079,23.6,1601676454354
0.0,0.0,4.079,23.6,1601676454423
0.0,0.0,4.079,23.6,1601676454493
0.0,0.0,4.069,23.6,1601676454564
0.0,0.0,4.069,23.6,1601676454639
0.0,0.0,4.079,23.6,1601676454704
0.0,0.0,4.079,23.6,1601676454773
0.0,0.0,4.079,23.6,1601676454859
0.0,0.0,4.079,23.6,1601676454913
0.0,0.0,4.079,23.6,1601676454983
0.0,0.0,4.079,23.6,1601676455059
0.0,0.0,4.079,23.6,1601676455123
0.0,0.0,4.079,23.6,1601676455195
35.16244125366211,139.61508178710938,4.079,23.6,1601676455203
0.0,0.0,4.079,23.6,1601676455455
0.0,0.0,4.079,23.6,1601676455460
0.0,0.0,4.1,23.6,1601676455468
0.0,0.0,4.1,23.6,1601676455676
0.0,0.0,4.1,23.6,1601676455680
0.0,0.0,4.1,23.6,1601676455688
0.0,0.0,4.1,23.6,1601676455692
0.0,0.0,4.11,23.6,1601676455752
0.0,0.0,4.11,23.6,1601676455823
0.0,0.0,4.11,23.6,1601676455895
0.0,0.0,4.11,23.6,1601676455965
0.0,0.0,4.1,23.6,1601676456059
0.0,0.0,4.11,23.6,1601676456103
0.0,0.0,4.1,23.6,1601676456173
0.0,0.0,4.1,23.6,1601676456243
0.0,0.0,4.089,23.6,1601676456313
0.0,0.0,4.089,23.6,1601676456383
0.0,0.0,4.089,23.6,1601676456452
0.0,0.0,4.079,23.6,1601676456522
35.16246032714844,139.61505126953125,4.079,23.6,1601676456527
0.0,0.0,4.069,23.6,1601676456740
0.0,0.0,4.069,23.6,1601676456744
0.0,0.0,4.058,23.6,1601676456804
0.0,0.0,4.048,23.6,1601676456875
0.0,0.0,4.048,23.6,1601676456945
0.0,0.0,4.037,23.6,1601676457015
0.0,0.0,4.027,23.6,1601676457570
0.0,0.0,4.017,23.6,1601676457573
0.0,0.0,4.006,23.6,1601676457581
0.0,0.0,3.985,23.6,1601676457590
0.0,0.0,3.965,23.6,1601676457607
0.0,0.0,3.965,23.6,1601676457615
0.0,0.0,3.954,23.6,1601676457623
0.0,0.0,3.933,23.6,1601676457629
0.0,0.0,3.902,23.6,1601676457641
0.0,0.0,3.871,23.6,1601676457782
0.0,0.0,3.84,23.6,1601676458089
0.0,0.0,3.808,23.6,1601676458094
0.0,0.0,3.767,23.6,1601676458099
0.0,0.0,3.736,23.6,1601676458107
0.0,0.0,3.694,23.6,1601676458201
0.0,0.0,3.673,23.6,1601676458272
0.0,0.0,3.632,23.6,1601676458411
0.0,0.0,3.6,23.6,1601676458551
0.0,0.0,3.559,23.6,1601676458622
0.0,0.0,3.517,23.6,1601676458691
0.0,0.0,3.475,23.6,1601676458763
0.0,0.0,3.444,23.6,1601676458832
0.0,0.0,3.413,23.6,1601676458901
0.0,0.0,3.371,23.6,1601676458971
0.0,0.0,3.34,23.6,1601676459041
0.0,0.0,3.319,23.6,1601676459249
35.1624755859375,139.6150360107422,3.319,23.6,1601676459253
0.0,0.0,3.288,23.6,1601676459978
0.0,0.0,3.246,23.6,1601676459984
0.0,0.0,3.226,23.6,1601676459987
0.0,0.0,3.194,23.6,1601676460041
0.0,0.0,3.163,23.6,1601676460049
0.0,0.0,3.132,23.6,1601676460053
0.0,0.0,3.111,23.6,1601676460057
0.0,0.0,3.08,23.6,1601676460062
0.0,0.0,3.059,23.6,1601676460066
0.0,0.0,3.038,23.6,1601676460077
0.0,0.0,3.028,23.6,1601676460080
0.0,0.0,2.976,23.6,1601676460089
0.0,0.0,2.955,23.6,1601676460160
0.0,0.0,2.945,23.6,1601676460230
0.0,0.0,2.924,23.6,1601676460300
0.0,0.0,2.903,23.6,1601676460372
0.0,0.0,2.893,23.6,1601676460442
0.0,0.0,2.882,23.6,1601676460509
0.0,0.0,2.872,23.6,1601676460580
0.0,0.0,2.882,23.6,1601676460796
0.0,0.0,2.882,23.6,1601676460799
0.0,0.0,2.882,23.6,1601676460804
0.0,0.0,2.903,23.6,1601676460998
35.1624870300293,139.61500549316406,2.903,23.6,1601676461006
0.0,0.0,2.913,23.6,1601676461252
0.0,0.0,2.913,23.6,1601676461297
0.0,0.0,2.934,23.6,1601676461302
0.0,0.0,2.945,23.6,1601676461305
0.0,0.0,2.945,23.6,1601676461309
0.0,0.0,2.945,23.6,1601676461321
0.0,0.0,2.965,23.6,1601676461349
0.0,0.0,2.986,23.6,1601676461568
0.0,0.0,3.007,23.6,1601676461573
0.0,0.0,3.018,23.6,1601676461580
0.0,0.0,3.028,23.6,1601676461630
0.0,0.0,3.028,23.6,1601676461855
0.0,0.0,3.028,23.6,1601676461859
0.0,0.0,3.038,23.6,1601676461864
0.0,0.0,3.049,23.6,1601676461909
0.0,0.0,3.049,23.6,1601676462719
35.162498474121094,139.614990234375,3.049,23.6,1601676462733
0.0,0.0,3.049,23.6,1601676463031
0.0,0.0,3.049,23.6,1601676463036
0.0,0.0,3.08,23.6,1601676463039
0.0,0.0,3.08,23.6,1601676463043
0.0,0.0,3.09,23.6,1601676463082
0.0,0.0,3.09,23.6,1601676463086
0.0,0.0,3.111,23.6,1601676463091
0.0,0.0,3.122,23.6,1601676463095
0.0,0.0,3.132,23.6,1601676463099
0.0,0.0,3.153,23.6,1601676463110
0.0,0.0,3.163,23.6,1601676463113
0.0,0.0,3.174,23.6,1601676463117
0.0,0.0,3.184,23.8,1601676463121
0.0,0.0,3.174,23.8,1601676463126
0.0,0.0,3.174,23.8,1601676463329
0.0,0.0,3.174,23.8,1601676463337
0.0,0.0,3.184,23.8,1601676463344
0.0,0.0,3.184,23.8,1601676463400
0.0,0.0,3.184,23.8,1601676463630
0.0,0.0,3.205,23.8,1601676463638
0.0,0.0,3.226,23.8,1601676463648
0.0,0.0,3.236,23.8,1601676463684
0.0,0.0,3.246,23.8,1601676463933
0.0,0.0,3.246,23.8,1601676463940
0.0,0.0,3.246,23.8,1601676463947
0.0,0.0,3.246,23.8,1601676463966
0.0,0.0,3.267,23.8,1601676464061
0.0,0.0,3.288,23.8,1601676464330
0.0,0.0,3.299,23.8,1601676464334
0.0,0.0,3.309,23.8,1601676464337
0.0,0.0,3.33,23.8,1601676464342
0.0,0.0,3.34,23.8,1601676464385
0.0,0.0,3.361,23.8,1601676464451
0.0,0.0,3.382,23.8,1601676464522
0.0,0.0,3.382,23.8,1601676464591
0.0,0.0,3.403,23.8,1601676464661
0.0,0.0,3.413,23.8,1601676464732
0.0,0.0,3.434,23.8,1601676464808
0.0,0.0,3.444,23.8,1601676464871
0.0,0.0,3.455,23.8,1601676464951
0.0,0.0,3.465,23.8,1601676465012
0.0,0.0,3.475,23.8,1601676465085
0.0,0.0,3.496,23.8,1601676465151
0.0,0.0,3.507,23.8,1601676465221
0.0,0.0,3.496,23.8,1601676465291
0.0,0.0,3.517,23.8,1601676465373
35.16250228881836,139.61497497558594,3.517,23.8,1601676465377
0.0,0.0,3.538,23.8,1601676465711
0.0,0.0,3.548,23.8,1601676465718
0.0,0.0,3.548,23.8,1601676465723
0.0,0.0,3.569,23.8,1601676465730
0.0,0.0,3.58,23.8,1601676465783
0.0,0.0,3.569,23.8,1601676465853
0.0,0.0,3.559,23.8,1601676465922
0.0,0.0,3.559,23.8,1601676466008
0.0,0.0,3.559,23.8,1601676466063
0.0,0.0,3.569,23.8,1601676466133
0.0,0.0,3.569,23.8,1601676466202
0.0,0.0,3.58,23.8,1601676466325
0.0,0.0,3.58,23.8,1601676466352
0.0,0.0,3.58,23.8,1601676466412
0.0,0.0,3.58,23.8,1601676466482
0.0,0.0,3.58,23.8,1601676466552
0.0,0.0,3.59,23.8,1601676466622
0.0,0.0,3.6,23.8,1601676466692
0.0,0.0,3.6,23.8,1601676466766
35.162506103515625,139.61495971679688,3.6,23.8,1601676466774
0.0,0.0,3.6,23.8,1601676467586
0.0,0.0,3.6,23.8,1601676467596
0.0,0.0,3.6,23.8,1601676467600
0.0,0.0,3.6,23.8,1601676467605
0.0,0.0,3.6,23.8,1601676467609
0.0,0.0,3.6,23.8,1601676467617
0.0,0.0,3.6,23.8,1601676467763
0.0,0.0,3.611,23.8,1601676467770
0.0,0.0,3.611,23.8,1601676467775
0.0,0.0,3.611,23.8,1601676467779
0.0,0.0,3.611,23.8,1601676467791
0.0,0.0,3.621,23.8,1601676467799
0.0,0.0,3.621,23.8,1601676467803
0.0,0.0,3.621,23.8,1601676467807
0.0,0.0,3.621,23.8,1601676467815
0.0,0.0,3.621,23.8,1601676467883
0.0,0.0,3.621,23.8,1601676467952
0.0,0.0,3.621,23.8,1601676468035
0.0,0.0,3.632,23.8,1601676468097
0.0,0.0,3.642,23.8,1601676468162
0.0,0.0,3.652,23.8,1601676468234
0.0,0.0,3.652,23.8,1601676468303
0.0,0.0,3.652,23.8,1601676468474
0.0,0.0,3.663,23.8,1601676468513
0.0,0.0,3.663,23.8,1601676468586
0.0,0.0,3.673,23.8,1601676468662
35.16250991821289,139.6149444580078,3.673,23.8,1601676468666
0.0,0.0,3.673,23.8,1601676468952
0.0,0.0,3.673,23.8,1601676468956
0.0,0.0,3.673,23.8,1601676468962
0.0,0.0,3.673,23.8,1601676468967
0.0,0.0,3.673,23.8,1601676469003
0.0,0.0,3.684,23.8,1601676469073
0.0,0.0,3.673,23.8,1601676469143
0.0,0.0,3.673,23.8,1601676469212
0.0,0.0,3.673,23.8,1601676469283
0.0,0.0,3.673,23.8,1601676469365
0.0,0.0,3.673,23.8,1601676469422
0.0,0.0,3.673,23.8,1601676469501
0.0,0.0,3.684,23.8,1601676469562
0.0,0.0,3.684,23.8,1601676469633
0.0,0.0,3.684,23.8,1601676469703
0.0,0.0,3.694,23.8,1601676469777
0.0,0.0,3.694,23.8,1601676469842
0.0,0.0,3.694,23.8,1601676469982
0.0,0.0,3.694,23.8,1601676470245
0.0,0.0,3.694,23.8,1601676470250
0.0,0.0,3.694,23.8,1601676470255
0.0,0.0,3.694,23.8,1601676470262
0.0,0.0,3.704,23.8,1601676470332
0.0,0.0,3.704,23.8,1601676470403
0.0,0.0,3.694,23.8,1601676470472
0.0,0.0,3.694,23.8,1601676470542
0.0,0.0,3.694,23.8,1601676470613
0.0,0.0,3.694,23.8,1601676470693
0.0,0.0,3.694,23.8,1601676470752
0.0,0.0,3.694,23.8,1601676470822
0.0,0.0,3.694,23.8,1601676470892
0.0,0.0,3.694,23.8,1601676471033
0.0,0.0,3.694,23.8,1601676471102
0.0,0.0,3.694,23.8,1601676471174
0.0,0.0,3.704,23.8,1601676471245
0.0,0.0,3.704,23.8,1601676471317
0.0,0.0,3.704,23.8,1601676471640
0.0,0.0,3.704,23.8,1601676471648
0.0,0.0,3.704,23.8,1601676471653
0.0,0.0,3.704,23.8,1601676471666
0.0,0.0,3.704,23.8,1601676471752
0.0,0.0,3.715,23.8,1601676471804
0.0,0.0,3.715,23.8,1601676471873
0.0,0.0,3.715,23.8,1601676471943
0.0,0.0,3.715,23.8,1601676472012
0.0,0.0,3.715,23.8,1601676472083
0.0,0.0,3.715,23.8,1601676472152
0.0,0.0,3.715,23.8,1601676472776
35.162513732910156,139.61492919921875,3.715,23.8,1601676472781
0.0,0.0,3.715,23.8,1601676473039
0.0,0.0,3.715,23.8,1601676473044
0.0,0.0,3.715,23.8,1601676473053
0.0,0.0,3.715,23.8,1601676473057
0.0,0.0,3.715,23.8,1601676473060
0.0,0.0,3.725,23.8,1601676473064
0.0,0.0,3.725,23.8,1601676473068
0.0,0.0,3.725,23.8,1601676473076
0.0,0.0,3.725,23.8,1601676473080
0.0,0.0,3.736,23.8,1601676473089
0.0,0.0,3.736,23.8,1601676473094
0.0,0.0,3.736,23.8,1601676473098
0.0,0.0,3.736,23.8,1601676473132
0.0,0.0,3.736,23.8,1601676473203
0.0,0.0,3.736,23.8,1601676473272
0.0,0.0,3.736,23.8,1601676473360
0.0,0.0,3.736,23.8,1601676473412
0.0,0.0,3.736,23.8,1601676473483
0.0,0.0,3.736,23.8,1601676473552
0.0,0.0,3.736,23.8,1601676473693
0.0,0.0,3.736,23.8,1601676473762
0.0,0.0,3.736,23.8,1601676473833
0.0,0.0,3.736,23.8,1601676473904
0.0,0.0,3.736,23.8,1601676473973
0.0,0.0,3.736,23.8,1601676474047
0.0,0.0,3.736,23.8,1601676474336
0.0,0.0,3.725,23.8,1601676474340
0.0,0.0,3.725,23.8,1601676474363
0.0,0.0,3.725,23.8,1601676474370
0.0,0.0,3.725,23.8,1601676474393
0.0,0.0,3.725,23.8,1601676474470
0.0,0.0,3.725,23.8,1601676474533
0.0,0.0,3.725,23.8,1601676474602
0.0,0.0,3.725,23.8,1601676474672
0.0,0.0,3.725,23.8,1601676474742
0.0,0.0,3.725,23.8,1601676474884
0.0,0.0,3.725,23.8,1601676474952
0.0,0.0,3.725,23.8,1601676475022
0.0,0.0,3.715,23.8,1601676475177
0.0,0.0,3.715,23.8,1601676475181
0.0,0.0,3.715,23.8,1601676475233
0.0,0.0,3.715,23.8,1601676475302
0.0,0.0,3.715,23.8,1601676475373
0.0,0.0,3.715,23.8,1601676475801
0.0,0.0,3.715,23.8,1601676475807
0.0,0.0,3.715,23.8,1601676475811
0.0,0.0,3.715,23.8,1601676475815
0.0,0.0,3.715,23.8,1601676475819
0.0,0.0,3.715,23.8,1601676475827
0.0,0.0,3.715,23.8,1601676475933
0.0,0.0,3.715,23.8,1601676476004
0.0,0.0,3.715,23.8,1601676476142
0.0,0.0,3.715,23.8,1601676476213
0.0,0.0,3.715,23.8,1601676476283
0.0,0.0,3.715,23.8,1601676476352
0.0,0.0,3.715,23.8,1601676476422
0.0,0.0,3.704,23.8,1601676476495
0.0,0.0,3.715,23.8,1601676476563
0.0,0.0,3.715,23.8,1601676476645
0.0,0.0,3.715,23.8,1601676476702
0.0,0.0,3.715,23.8,1601676476772
0.0,0.0,3.704,23.8,1601676476842
35.162513732910156,139.6149139404297,3.704,23.8,1601676476852
0.0,0.0,3.715,23.8,1601676477646
0.0,0.0,3.715,23.8,1601676477698
0.0,0.0,3.715,23.8,1601676477705
0.0,0.0,3.715,23.8,1601676477709
0.0,0.0,3.715,23.8,1601676477713
0.0,0.0,3.715,23.8,1601676477717
0.0,0.0,3.715,23.8,1601676477720
0.0,0.0,3.715,23.8,1601676477724
0.0,0.0,3.715,23.8,1601676477728
0.0,0.0,3.715,23.8,1601676477731
0.0,0.0,3.715,23.8,1601676477752
0.0,0.0,3.715,23.8,1601676477822
0.0,0.0,3.715,23.8,1601676477962
0.0,0.0,3.715,23.8,1601676478036
0.0,0.0,3.715,23.8,1601676478102
0.0,0.0,3.715,23.8,1601676478633
0.0,0.0,3.715,23.8,1601676478636
0.0,0.0,3.704,23.8,1601676478715
0.0,0.0,3.704,23.8,1601676478999
0.0,0.0,3.704,23.8,1601676479007
0.0,0.0,3.704,23.8,1601676479013
0.0,0.0,3.704,23.8,1601676479022
0.0,0.0,3.704,23.8,1601676479130
0.0,0.0,3.715,23.8,1601676479152
0.0,0.0,3.715,23.8,1601676479232
0.0,0.0,3.715,23.8,1601676479295
0.0,0.0,3.715,23.8,1601676479362
0.0,0.0,3.715,23.8,1601676479432
0.0,0.0,3.715,23.8,1601676479503
0.0,0.0,3.725,23.8,1601676479642
0.0,0.0,3.725,23.8,1601676479712
0.0,0.0,3.725,23.8,1601676479782
0.0,0.0,3.725,23.8,1601676479852
0.0,0.0,3.725,23.8,1601676479937
0.0,0.0,3.725,23.8,1601676479992
0.0,0.0,3.725,23.8,1601676480063
35.162513732910156,139.61489868164062,3.725,23.8,1601676480066
0.0,0.0,3.725,23.8,1601676480385
0.0,0.0,3.725,23.8,1601676480396
0.0,0.0,3.725,23.8,1601676480401
0.0,0.0,3.725,23.8,1601676480407
0.0,0.0,3.725,23.8,1601676480414
0.0,0.0,3.725,23.8,1601676480484
0.0,0.0,3.725,23.8,1601676480553
0.0,0.0,3.715,23.8,1601676480625
0.0,0.0,3.715,23.8,1601676480704
0.0,0.0,3.715,23.8,1601676480836
0.0,0.0,3.715,23.8,1601676481009
0.0,0.0,3.715,23.8,1601676481013
0.0,0.0,3.725,23.8,1601676481052
0.0,0.0,3.725,23.8,1601676481113
0.0,0.0,3.725,23.8,1601676481298
0.0,0.0,3.736,23.8,1601676481303
0.0,0.0,3.736,23.8,1601676481339
0.0,0.0,3.736,23.8,1601676481392
0.0,0.0,3.736,23.8,1601676481654
0.0,0.0,3.725,23.8,1601676481659
0.0,0.0,3.725,23.8,1601676481679
0.0,0.0,3.725,23.8,1601676481870
0.0,0.0,3.725,23.8,1601676481873
0.0,0.0,3.725,23.8,1601676481883
0.0,0.0,3.725,23.8,1601676481953
0.0,0.0,3.725,23.8,1601676482169
0.0,0.0,3.715,23.8,1601676482173
0.0,0.0,3.725,23.8,1601676482181
0.0,0.0,3.715,23.8,1601676482232
0.0,0.0,3.715,23.8,1601676482473
0.0,0.0,3.715,23.8,1601676482477
0.0,0.0,3.715,23.8,1601676482514
0.0,0.0,3.715,23.8,1601676482582
0.0,0.0,3.715,23.8,1601676482770
0.0,0.0,3.715,23.8,1601676483040
0.0,0.0,3.715,23.8,1601676483046
0.0,0.0,3.715,23.8,1601676483057
0.0,0.0,3.715,23.8,1601676483491
0.0,0.0,3.715,23.8,1601676483506
0.0,0.0,3.715,23.8,1601676483512
0.0,0.0,3.715,23.8,1601676483521
0.0,0.0,3.715,23.8,1601676483526
0.0,0.0,3.715,23.8,1601676483530
0.0,0.0,3.715,23.8,1601676483535
0.0,0.0,3.715,23.8,1601676483696
0.0,0.0,3.704,23.8,1601676483710
0.0,0.0,3.704,23.8,1601676483719
0.0,0.0,3.704,23.8,1601676483773
0.0,0.0,3.704,23.8,1601676483999
0.0,0.0,3.704,23.8,1601676484005
0.0,0.0,3.704,23.8,1601676484012
0.0,0.0,3.704,23.8,1601676484064
0.0,0.0,3.704,23.8,1601676484466
0.0,0.0,3.704,23.8,1601676484473
0.0,0.0,3.704,23.8,1601676484488
0.0,0.0,3.715,23.8,1601676484496
0.0,0.0,3.715,23.8,1601676484501
0.0,0.0,3.715,23.8,1601676484511
0.0,0.0,3.715,23.8,1601676484543
0.0,0.0,3.715,23.8,1601676484614
0.0,0.0,3.715,23.8,1601676484684
0.0,0.0,3.715,23.8,1601676484753
0.0,0.0,3.715,23.8,1601676484822
0.0,0.0,3.715,23.8,1601676484893
0.0,0.0,3.715,23.8,1601676484963
0.0,0.0,3.715,23.8,1601676485038
0.0,0.0,3.715,23.8,1601676485103
0.0,0.0,3.715,23.8,1601676485173
0.0,0.0,3.715,23.8,1601676485242
0.0,0.0,3.725,23.8,1601676485312
0.0,0.0,3.725,23.8,1601676485385
0.0,0.0,3.725,23.8,1601676485453
0.0,0.0,3.725,23.8,1601676485576
35.162513732910156,139.61488342285156,3.725,23.8,1601676485580
0.0,0.0,3.725,23.8,1601676485899
0.0,0.0,3.725,23.8,1601676485908
0.0,0.0,3.725,23.8,1601676485913
0.0,0.0,3.725,23.8,1601676485915
0.0,0.0,3.725,23.8,1601676485944
0.0,0.0,3.725,23.8,1601676486025
0.0,0.0,3.725,23.8,1601676486082
0.0,0.0,3.725,23.8,1601676486152
0.0,0.0,3.725,23.8,1601676486222
0.0,0.0,3.725,23.8,1601676486362
0.0,0.0,3.725,23.8,1601676486455
0.0,0.0,3.725,23.8,1601676486502
0.0,0.0,3.715,23.8,1601676486573
0.0,0.0,3.715,23.8,1601676486643
0.0,0.0,3.715,23.8,1601676486712
0.0,0.0,3.715,23.8,1601676486782
0.0,0.0,3.715,23.8,1601676486854
0.0,0.0,3.715,23.8,1601676486924
0.0,0.0,3.704,23.8,1601676487220
0.0,0.0,3.704,23.8,1601676487224
0.0,0.0,3.704,23.8,1601676487228
0.0,0.0,3.704,23.8,1601676487233
0.0,0.0,3.704,23.8,1601676487272
0.0,0.0,3.704,23.8,1601676487342
0.0,0.0,3.704,23.8,1601676487412
0.0,0.0,3.704,23.8,1601676487482
0.0,0.0,3.704,23.8,1601676487554
0.0,0.0,3.704,23.8,1601676487727
0.0,0.0,3.704,23.8,1601676487730
0.0,0.0,3.704,23.8,1601676487765
0.0,0.0,3.704,23.8,1601676487832
0.0,0.0,3.704,23.8,1601676487902
0.0,0.0,3.704,23.8,1601676487972
0.0,0.0,3.704,23.8,1601676488553
0.0,0.0,3.704,23.8,1601676488814
0.0,0.0,3.704,23.8,1601676488818
0.0,0.0,3.704,23.8,1601676488822
0.0,0.0,3.694,23.8,1601676488826
0.0,0.0,3.704,23.8,1601676488833
0.0,0.0,3.704,23.8,1601676488841
0.0,0.0,3.694,23.8,1601676488845
0.0,0.0,3.704,23.8,1601676488849
0.0,0.0,3.704,23.8,1601676488856
0.0,0.0,3.704,23.8,1601676488860
0.0,0.0,3.704,23.8,1601676488882
0.0,0.0,3.704,23.8,1601676488952
0.0,0.0,3.704,23.8,1601676489025
0.0,0.0,3.704,23.8,1601676489092
0.0,0.0,3.704,23.8,1601676489263
0.0,0.0,3.704,23.8,1601676489267
0.0,0.0,3.704,23.8,1601676489303
0.0,0.0,3.704,23.8,1601676489385
0.0,0.0,3.704,23.8,1601676489443
0.0,0.0,3.704,23.8,1601676489513
0.0,0.0,3.704,23.8,1601676489583
0.0,0.0,3.704,23.8,1601676489652
0.0,0.0,3.704,23.8,1601676489722
0.0,0.0,3.704,23.8,1601676489792
0.0,0.0,3.704,23.8,1601676489866
0.0,0.0,3.704,23.8,1601676490134
0.0,0.0,3.704,23.8,1601676490140
0.0,0.0,3.704,23.8,1601676490151
0.0,0.0,3.694,23.8,1601676490212
0.0,0.0,3.694,23.8,1601676490393
0.0,0.0,3.704,23.8,1601676490397
0.0,0.0,3.694,23.8,1601676490423
0.0,0.0,3.694,23.8,1601676490492
0.0,0.0,3.694,23.8,1601676490562
0.0,0.0,3.694,23.8,1601676490634
0.0,0.0,3.694,23.8,1601676490703
0.0,0.0,3.694,23.8,1601676490772
0.0,0.0,3.694,23.8,1601676490842
0.0,0.0,3.694,23.8,1601676490914
0.0,0.0,3.694,23.8,1601676490982
0.0,0.0,3.694,23.8,1601676491052
0.0,0.0,3.694,23.8,1601676491193
0.0,0.0,3.694,23.8,1601676491482
0.0,0.0,3.694,23.8,1601676491487
0.0,0.0,3.694,23.8,1601676491517
0.0,0.0,3.704,23.8,1601676491543
0.0,0.0,3.694,23.8,1601676491625
0.0,0.0,3.694,23.8,1601676491683
0.0,0.0,3.694,23.8,1601676491752
0.0,0.0,3.694,23.8,1601676491822
0.0,0.0,3.694,23.8,1601676491892
0.0,0.0,3.694,23.8,1601676491962
0.0,0.0,3.694,23.8,1601676492034
0.0,0.0,3.694,23.8,1601676492102
0.0,0.0,3.694,23.8,1601676492172
0.0,0.0,3.694,23.8,1601676492247
0.0,0.0,3.694,23.8,1601676492325
0.0,0.0,3.684,23.8,1601676492382
0.0,0.0,3.684,23.8,1601676492452
0.0,0.0,3.684,23.8,1601676492522
0.0,0.0,3.684,23.8,1601676493279
0.0,0.0,3.684,23.8,1601676493314
0.0,0.0,3.684,23.8,1601676493326
0.0,0.0,3.684,23.8,1601676493332
0.0,0.0,3.684,23.8,1601676493336
0.0,0.0,3.684,23.8,1601676493565
0.0,0.0,3.684,23.8,1601676493569
0.0,0.0,3.684,23.8,1601676493575
0.0,0.0,3.684,23.8,1601676493580
0.0,0.0,3.684,23.8,1601676493585
0.0,0.0,3.684,23.8,1601676493590
0.0,0.0,3.684,23.8,1601676493593
0.0,0.0,3.684,23.8,1601676493597
0.0,0.0,3.684,23.8,1601676493642
0.0,0.0,3.684,23.8,1601676493712
0.0,0.0,3.684,23.8,1601676493796
0.0,0.0,3.684,23.8,1601676493866
0.0,0.0,3.684,23.8,1601676493922
0.0,0.0,3.684,23.8,1601676493993
0.0,0.0,3.684,23.8,1601676494064
0.0,0.0,3.684,23.8,1601676494132
0.0,0.0,3.684,23.8,1601676494202
0.0,0.0,3.684,23.8,1601676494272
0.0,0.0,3.684,23.8,1601676494342
0.0,0.0,3.684,23.8,1601676495138
0.0,0.0,3.684,23.8,1601676495142
0.0,0.0,3.684,23.8,1601676495147
0.0,0.0,3.694,23.8,1601676495163
0.0,0.0,3.694,23.8,1601676495171
0.0,0.0,3.694,23.8,1601676495176
0.0,0.0,3.694,23.8,1601676495181
0.0,0.0,3.694,23.8,1601676495185
0.0,0.0,3.694,23.8,1601676495189
0.0,0.0,3.694,23.8,1601676495195
0.0,0.0,3.694,23.8,1601676495200
0.0,0.0,3.694,23.8,1601676495203
0.0,0.0,3.694,23.8,1601676495322
0.0,0.0,3.694,23.8,1601676495405
0.0,0.0,3.694,23.8,1601676495462
0.0,0.0,3.694,23.8,1601676495533
0.0,0.0,3.694,23.8,1601676495602
0.0,0.0,3.694,23.8,1601676495679
0.0,0.0,3.694,23.8,1601676495752
0.0,0.0,3.694,23.8,1601676495844
0.0,0.0,3.684,23.8,1601676495883
0.0,0.0,3.684,23.8,1601676495952
0.0,0.0,3.684,23.8,1601676496023
0.0,0.0,3.684,23.8,1601676496092
0.0,0.0,3.673,23.8,1601676496232
0.0,0.0,3.673,23.8,1601676496488
0.0,0.0,3.673,23.8,1601676496491
0.0,0.0,3.673,23.8,1601676496496
0.0,0.0,3.673,23.8,1601676496517
0.0,0.0,3.673,23.8,1601676496583
0.0,0.0,3.673,23.8,1601676496652
0.0,0.0,3.673,23.8,1601676496722
0.0,0.0,3.673,23.8,1601676496804
0.0,0.0,3.673,23.8,1601676496943
0.0,0.0,3.673,23.8,1601676496947
0.0,0.0,3.673,23.8,1601676497002
0.0,0.0,3.673,23.8,1601676497074
0.0,0.0,3.663,23.8,1601676497150
0.0,0.0,3.663,23.8,1601676497212
0.0,0.0,3.663,23.8,1601676497282
0.0,0.0,3.663,23.8,1601676497455
0.0,0.0,3.663,23.8,1601676497458
0.0,0.0,3.663,23.8,1601676497495
0.0,0.0,3.663,23.8,1601676497838
0.0,0.0,3.663,23.8,1601676497841
0.0,0.0,3.663,23.8,1601676497846
0.0,0.0,3.652,23.8,1601676497850
0.0,0.0,3.663,23.8,1601676497853
0.0,0.0,3.652,23.8,1601676497912
0.0,0.0,3.652,23.8,1601676497983
0.0,0.0,3.652,23.8,1601676498588
0.0,0.0,3.652,23.8,1601676498592
0.0,0.0,3.652,23.8,1601676498599
0.0,0.0,3.652,23.8,1601676498604
0.0,0.0,3.652,23.8,1601676498610
0.0,0.0,3.652,23.8,1601676498626
0.0,0.0,3.652,23.8,1601676498630
0.0,0.0,3.652,23.8,1601676498632
0.0,0.0,3.652,23.8,1601676498635
0.0,0.0,3.652,23.8,1601676498682
0.0,0.0,3.652,23.8,1601676498752
0.0,0.0,3.652,23.8,1601676498822
0.0,0.0,3.652,23.8,1601676498892
0.0,0.0,3.652,23.8,1601676499181
0.0,0.0,3.652,23.8,1601676499184
0.0,0.0,3.652,23.8,1601676499188
0.0,0.0,3.652,23.8,1601676499196
0.0,0.0,3.652,23.8,1601676499316
0.0,0.0,3.652,23.8,1601676499382
0.0,0.0,3.652,23.8,1601676499463
0.0,0.0,3.652,23.8,1601676499522
0.0,0.0,3.652,23.8,1601676499592
0.0,0.0,3.652,23.8,1601676499663
0.0,0.0,3.652,23.8,1601676499740
0.0,0.0,3.652,23.8,1601676499812
0.0,0.0,3.652,23.8,1601676499872
0.0,0.0,3.652,23.8,1601676499943
0.0,0.0,3.652,23.8,1601676500012
0.0,0.0,3.652,23.8,1601676500082
0.0,0.0,3.652,23.8,1601676500152
0.0,0.0,3.652,23.8,1601676500223
0.0,0.0,3.642,23.8,1601676501015
0.0,0.0,3.652,23.8,1601676501031
0.0,0.0,3.652,23.8,1601676501053
0.0,0.0,3.642,23.8,1601676501068
0.0,0.0,3.642,23.8,1601676501072
0.0,0.0,3.652,23.8,1601676501086
0.0,0.0,3.642,23.8,1601676501094
0.0,0.0,3.642,23.8,1601676501098
0.0,0.0,3.642,23.8,1601676501103
0.0,0.0,3.642,23.8,1601676501106
0.0,0.0,3.642,23.8,1601676501132
0.0,0.0,3.642,23.8,1601676501316
0.0,0.0,3.652,23.8,1601676501323
0.0,0.0,3.642,23.8,1601676501370
0.0,0.0,3.642,23.8,1601676501413
0.0,0.0,3.642,23.8,1601676501608
0.0,0.0,3.642,23.8,1601676501613
0.0,0.0,3.642,23.8,1601676501633
0.0,0.0,3.642,23.8,1601676501692
0.0,0.0,3.642,23.8,1601676501887
0.0,0.0,3.642,23.8,1601676501893
0.0,0.0,3.642,23.8,1601676501904
0.0,0.0,3.642,23.8,1601676501972
0.0,0.0,3.642,23.8,1601676502167
35.162498474121094,139.6148223876953,3.642,23.8,1601676502171
0.0,0.0,3.642,23.8,1601676502548
0.0,0.0,3.642,23.8,1601676502554
0.0,0.0,3.642,23.8,1601676502557
0.0,0.0,3.642,23.8,1601676502561
0.0,0.0,3.642,23.8,1601676502565
0.0,0.0,3.642,23.8,1601676502572
0.0,0.0,3.642,23.8,1601676502576
0.0,0.0,3.652,23.8,1601676502758
0.0,0.0,3.652,23.8,1601676502761
0.0,0.0,3.652,23.8,1601676502770
0.0,0.0,3.652,23.8,1601676502812
0.0,0.0,3.663,23.8,1601676503672
0.0,0.0,3.663,23.8,1601676503959
0.0,0.0,3.663,23.8,1601676503966
0.0,0.0,3.663,23.8,1601676503976
0.0,0.0,3.663,23.8,1601676503985
0.0,0.0,3.663,23.8,1601676503989
0.0,0.0,3.663,23.8,1601676504003
0.0,0.0,3.663,23.8,1601676504007
0.0,0.0,3.663,23.8,1601676504011
0.0,0.0,3.663,23.8,1601676504018
0.0,0.0,3.663,23.8,1601676504023
0.0,0.0,3.663,23.8,1601676504027
0.0,0.0,3.663,23.8,1601676504076
0.0,0.0,3.663,23.8,1601676504145
0.0,0.0,3.663,23.8,1601676504287
0.0,0.0,3.663,23.8,1601676504355
0.0,0.0,3.663,23.8,1601676504425
0.0,0.0,3.663,23.8,1601676504495
0.0,0.0,3.663,23.8,1601676504565
0.0,0.0,3.663,23.8,1601676504635
0.0,0.0,3.663,23.8,1601676504706
0.0,0.0,3.663,23.8,1601676504779
0.0,0.0,3.663,23.8,1601676504856
0.0,0.0,3.663,23.8,1601676504926
0.0,0.0,3.663,23.8,1601676504985
35.162498474121094,139.6148223876953,3.663,23.8,1601676504988
0.0,0.0,3.663,23.8,1601676505296
0.0,0.0,3.663,23.8,1601676505336
0.0,0.0,3.663,23.8,1601676505354
0.0,0.0,3.663,23.8,1601676505361
0.0,0.0,3.673,23.8,1601676505367
0.0,0.0,3.673,23.8,1601676505405
0.0,0.0,3.673,23.8,1601676505476
0.0,0.0,3.663,23.8,1601676505545
0.0,0.0,3.663,23.8,1601676505616
0.0,0.0,3.663,23.8,1601676505685
0.0,0.0,3.663,23.8,1601676505755
0.0,0.0,3.663,23.8,1601676505828
0.0,0.0,3.663,23.8,1601676505965
0.0,0.0,3.673,23.8,1601676506035
0.0,0.0,3.673,23.8,1601676506105
0.0,0.0,3.673,23.8,1601676506178
0.0,0.0,3.673,23.8,1601676506245
0.0,0.0,3.684,23.8,1601676506315
0.0,0.0,3.684,23.8,1601676506385
35.16250228881836,139.6147918701172,3.684,23.8,1601676506396
0.0,0.0,3.684,23.8,1601676506693
0.0,0.0,3.684,23.8,1601676506698
0.0,0.0,3.684,23.8,1601676506701
0.0,0.0,3.684,23.8,1601676506704
0.0,0.0,3.694,23.8,1601676506742
0.0,0.0,3.684,23.8,1601676506807
0.0,0.0,3.694,23.8,1601676506875
0.0,0.0,3.694,23.8,1601676506945
0.0,0.0,3.684,23.8,1601676507015
0.0,0.0,3.684,23.8,1601676507086
0.0,0.0,3.684,23.8,1601676507155
0.0,0.0,3.684,23.8,1601676507225
0.0,0.0,3.684,23.8,1601676507295
0.0,0.0,3.684,23.8,1601676507365
0.0,0.0,3.684,23.8,1601676507436
0.0,0.0,3.684,23.8,1601676507506
0.0,0.0,3.694,23.8,1601676507575
0.0,0.0,3.694,23.8,1601676507645
0.0,0.0,3.694,23.8,1601676507714
0.0,0.0,3.704,23.8,1601676507987
0.0,0.0,3.704,23.8,1601676507990
0.0,0.0,3.704,23.8,1601676507993
0.0,0.0,3.715,23.8,1601676508072
0.0,0.0,3.715,23.8,1601676508075
0.0,0.0,3.704,23.8,1601676508138
0.0,0.0,3.704,23.8,1601676508206
0.0,0.0,3.704,23.8,1601676508275
0.0,0.0,3.704,23.8,1601676508345
0.0,0.0,3.704,23.8,1601676508415
0.0,0.0,3.694,23.8,1601676508487
0.0,0.0,3.704,23.8,1601676508555
35.16250991821289,139.61477661132812,3.704,23.8,1601676509082
0.0,0.0,3.704,23.8,1601676509423
0.0,0.0,3.694,23.8,1601676509426
0.0,0.0,3.694,23.8,1601676509431
0.0,0.0,3.704,23.8,1601676509435
0.0,0.0,3.704,23.8,1601676509443
0.0,0.0,3.704,23.8,1601676509456
0.0,0.0,3.704,23.8,1601676509467
0.0,0.0,3.704,23.8,1601676509477
0.0,0.0,3.715,23.8,1601676509485
0.0,0.0,3.715,23.8,1601676509491
0.0,0.0,3.715,23.8,1601676509498
0.0,0.0,3.715,23.8,1601676509501
0.0,0.0,3.715,23.8,1601676509640
0.0,0.0,3.715,23.8,1601676509643
0.0,0.0,3.715,23.8,1601676509676
0.0,0.0,3.715,23.8,1601676509745
0.0,0.0,3.715,23.8,1601676509820
0.0,0.0,3.704,23.8,1601676509887
0.0,0.0,3.715,23.8,1601676509955
0.0,0.0,3.704,23.8,1601676510026
0.0,0.0,3.704,23.8,1601676510095
0.0,0.0,3.704,23.8,1601676510181
0.0,0.0,3.694,23.8,1601676510235
0.0,0.0,3.694,23.8,1601676510305
0.0,0.0,3.694,23.8,1601676510374
0.0,0.0,3.704,23.8,1601676510446
35.16252136230469,139.61476135253906,3.704,23.8,1601676510460
0.0,0.0,3.694,23.8,1601676511296
0.0,0.0,3.694,23.8,1601676511306
0.0,0.0,3.704,23.8,1601676511311
0.0,0.0,3.704,23.8,1601676511326
0.0,0.0,3.704,23.8,1601676511335
0.0,0.0,3.704,23.8,1601676511341
0.0,0.0,3.704,24.0,1601676511344
0.0,0.0,3.704,24.0,1601676511347
0.0,0.0,3.704,24.0,1601676511351
0.0,0.0,3.694,24.0,1601676511355
0.0,0.0,3.694,24.0,1601676511359
0.0,0.0,3.694,24.0,1601676511363
0.0,0.0,3.694,24.0,1601676511367
0.0,0.0,3.694,24.0,1601676511426
0.0,0.0,3.694,24.0,1601676511496
0.0,0.0,3.694,24.0,1601676511565
0.0,0.0,3.694,24.0,1601676511635
0.0,0.0,3.704,24.0,1601676511705
0.0,0.0,3.704,24.0,1601676511775
0.0,0.0,3.704,24.0,1601676511844
0.0,0.0,3.704,24.0,1601676511919
0.0,0.0,3.704,24.0,1601676511993
0.0,0.0,3.704,24.0,1601676512061
0.0,0.0,3.704,24.0,1601676512128
0.0,0.0,3.704,24.0,1601676512195
0.0,0.0,3.704,24.0,1601676512265
0.0,0.0,3.704,24.0,1601676512341
35.162532806396484,139.61473083496094,3.704,24.0,1601676512346
0.0,0.0,3.704,24.0,1601676512745
0.0,0.0,3.704,24.0,1601676512757
0.0,0.0,3.704,24.0,1601676512767
0.0,0.0,3.704,24.0,1601676512772
0.0,0.0,3.694,24.0,1601676512775
0.0,0.0,3.694,24.0,1601676512783
0.0,0.0,3.694,24.0,1601676512825
0.0,0.0,3.694,24.0,1601676512965
0.0,0.0,3.694,24.0,1601676513035
0.0,0.0,3.694,24.0,1601676513105
0.0,0.0,3.694,24.0,1601676513247
0.0,0.0,3.694,24.0,1601676513315
0.0,0.0,3.694,24.0,1601676513429
0.0,0.0,3.694,24.0,1601676513456
0.0,0.0,3.694,24.0,1601676513525
0.0,0.0,3.694,24.0,1601676514071
35.16254425048828,139.61471557617188,3.694,24.0,1601676514075
0.0,0.0,3.694,24.0,1601676514428
0.0,0.0,3.694,24.0,1601676514435
0.0,0.0,3.684,24.0,1601676514440
0.0,0.0,3.684,24.0,1601676514445
0.0,0.0,3.673,24.0,1601676514450
0.0,0.0,3.673,24.0,1601676514454
0.0,0.0,3.673,24.0,1601676514458
0.0,0.0,3.673,23.8,1601676514463
0.0,0.0,3.673,23.8,1601676514470
0.0,0.0,3.673,23.8,1601676514477
0.0,0.0,3.673,23.8,1601676514482
0.0,0.0,3.673,23.8,1601676514486
0.0,0.0,3.673,23.8,1601676514505
0.0,0.0,3.673,23.8,1601676514576
0.0,0.0,3.673,23.8,1601676514649
0.0,0.0,3.673,23.8,1601676514715
0.0,0.0,3.673,23.8,1601676514785
0.0,0.0,3.673,23.8,1601676514854
0.0,0.0,3.673,23.8,1601676514925
0.0,0.0,3.673,23.8,1601676514997
0.0,0.0,3.684,23.8,1601676515135
0.0,0.0,3.684,23.8,1601676515142
0.0,0.0,3.684,23.8,1601676515206
0.0,0.0,3.684,23.8,1601676515280
0.0,0.0,3.684,23.8,1601676515345
0.0,0.0,3.684,23.8,1601676515414
0.0,0.0,3.684,23.8,1601676515484
0.0,0.0,3.684,23.8,1601676515736
0.0,0.0,3.684,23.8,1601676515740
0.0,0.0,3.684,23.8,1601676515785
0.0,0.0,3.684,23.8,1601676515791
0.0,0.0,3.684,23.8,1601676515835
0.0,0.0,3.684,23.8,1601676515905
0.0,0.0,3.684,23.8,1601676515981
0.0,0.0,3.684,23.8,1601676516045
0.0,0.0,3.684,23.8,1601676516140
0.0,0.0,3.684,23.8,1601676516185
0.0,0.0,3.684,23.8,1601676516255
0.0,0.0,3.684,23.8,1601676516326
0.0,0.0,3.684,23.8,1601676516396
0.0,0.0,3.684,23.8,1601676516464
0.0,0.0,3.684,23.8,1601676516540
0.0,0.0,3.684,23.8,1601676516705
0.0,0.0,3.684,23.8,1601676516709
0.0,0.0,3.684,23.8,1601676516746
35.16255569458008,139.61468505859375,3.684,23.8,1601676516750
0.0,0.0,3.694,23.8,1601676517050
0.0,0.0,3.694,23.8,1601676517059
0.0,0.0,3.694,23.8,1601676517076
0.0,0.0,3.694,23.8,1601676517094
0.0,0.0,3.694,23.8,1601676517165
0.0,0.0,3.694,23.8,1601676517235
0.0,0.0,3.694,23.8,1601676517305
0.0,0.0,3.694,23.8,1601676517374
0.0,0.0,3.694,23.8,1601676517445
0.0,0.0,3.694,23.8,1601676517534
0.0,0.0,3.694,23.8,1601676517585
0.0,0.0,3.694,23.8,1601676517654
0.0,0.0,3.694,23.8,1601676517727
0.0,0.0,3.694,23.8,1601676517797
0.0,0.0,3.694,23.8,1601676517866
0.0,0.0,3.694,23.8,1601676517935
0.0,0.0,3.684,23.8,1601676518005
0.0,0.0,3.684,23.8,1601676518083
35.16257095336914,139.6146697998047,3.684,23.8,1601676518087
0.0,0.0,3.684,23.8,1601676518418
0.0,0.0,3.684,23.8,1601676518423
0.0,0.0,3.684,23.8,1601676518429
0.0,0.0,3.673,23.8,1601676518433
0.0,0.0,3.673,23.8,1601676518436
0.0,0.0,3.673,23.8,1601676518495
0.0,0.0,3.673,23.8,1601676519201
0.0,0.0,3.673,23.8,1601676519205
0.0,0.0,3.673,23.8,1601676519209
0.0,0.0,3.673,23.8,1601676519221
0.0,0.0,3.663,23.8,1601676519225
0.0,0.0,3.663,23.8,1601676519231
0.0,0.0,3.663,23.8,1601676519237
0.0,0.0,3.663,23.8,1601676519244
0.0,0.0,3.652,23.8,1601676519247
0.0,0.0,3.652,23.8,1601676519264
0.0,0.0,3.652,23.8,1601676519336
0.0,0.0,3.652,23.8,1601676519405
0.0,0.0,3.642,23.8,1601676520189
0.0,0.0,3.642,23.8,1601676520193
0.0,0.0,3.642,23.8,1601676520196
0.0,0.0,3.632,23.8,1601676520206
0.0,0.0,3.632,23.8,1601676520210
0.0,0.0,3.621,23.8,1601676520218
0.0,0.0,3.621,23.8,1601676520222
0.0,0.0,3.621,23.8,1601676520225
0.0,0.0,3.621,23.8,1601676520229
0.0,0.0,3.632,23.8,1601676520259
0.0,0.0,3.632,23.8,1601676520263
0.0,0.0,3.632,23.8,1601676520267
0.0,0.0,3.632,23.8,1601676520316
0.0,0.0,3.621,23.8,1601676520393
0.0,0.0,3.621,23.8,1601676520455
0.0,0.0,3.632,23.8,1601676520528
0.0,0.0,3.632,23.8,1601676520594
0.0,0.0,3.632,23.8,1601676520664
0.0,0.0,3.632,23.8,1601676520735
0.0,0.0,3.632,23.8,1601676520819
0.0,0.0,3.632,23.8,1601676520879
0.0,0.0,3.632,23.8,1601676521015
0.0,0.0,3.621,23.8,1601676521085
0.0,0.0,3.632,23.8,1601676521293
35.1625862121582,139.61463928222656,3.632,23.8,1601676521298
0.0,0.0,3.632,23.8,1601676521682
0.0,0.0,3.632,23.8,1601676521687
0.0,0.0,3.632,23.8,1601676521691
0.0,0.0,3.632,23.8,1601676521707
0.0,0.0,3.632,23.8,1601676521712
0.0,0.0,3.632,23.8,1601676521726
0.0,0.0,3.621,23.8,1601676521730
0.0,0.0,3.621,23.8,1601676521872
0.0,0.0,3.621,23.8,1601676521876
0.0,0.0,3.621,23.8,1601676521880
0.0,0.0,3.632,23.8,1601676521925
0.0,0.0,3.632,23.8,1601676522165
0.0,0.0,3.632,23.8,1601676522169
0.0,0.0,3.632,23.8,1601676522180
0.0,0.0,3.632,23.8,1601676522217
0.0,0.0,3.632,23.8,1601676522275
0.0,0.0,3.632,23.8,1601676522454
0.0,0.0,3.621,23.8,1601676522459
0.0,0.0,3.621,23.8,1601676522489
0.0,0.0,3.621,23.8,1601676522556
0.0,0.0,3.621,23.8,1601676522757
35.162601470947266,139.6146240234375,3.621,23.8,1601676522759
0.0,0.0,3.621,23.8,1601676523005
0.0,0.0,3.621,23.8,1601676523009
0.0,0.0,3.621,23.8,1601676523017
0.0,0.0,3.632,24.0,1601676523064
0.0,0.0,3.632,24.0,1601676523067
0.0,0.0,3.632,24.0,1601676523082
0.0,0.0,3.632,24.0,1601676523115
0.0,0.0,3.642,24.0,1601676523373
0.0,0.0,3.642,24.0,1601676523377
0.0,0.0,3.642,24.0,1601676523382
0.0,0.0,3.642,24.0,1601676523421
0.0,0.0,3.642,24.0,1601676523465
0.0,0.0,3.642,24.0,1601676524069
35.16261672973633,139.61460876464844,3.642,24.0,1601676524073
0.0,0.0,3.652,24.0,1601676524367
0.0,0.0,3.652,24.0,1601676524375
0.0,0.0,3.652,24.0,1601676524377
0.0,0.0,3.652,24.0,1601676524382
0.0,0.0,3.652,24.0,1601676524386
0.0,0.0,3.652,24.0,1601676524392
0.0,0.0,3.652,24.0,1601676524396
0.0,0.0,3.652,24.0,1601676524404
0.0,0.0,3.652,24.0,1601676524408
0.0,0.0,3.652,24.0,1601676524415
0.0,0.0,3.652,24.0,1601676524420
0.0,0.0,3.652,24.0,1601676524424
0.0,0.0,3.663,24.0,1601676524445
0.0,0.0,3.663,24.0,1601676524515
0.0,0.0,3.663,24.0,1601676524586
0.0,0.0,3.663,24.0,1601676524654
0.0,0.0,3.673,24.0,1601676524725
0.0,0.0,3.673,24.0,1601676524795
0.0,0.0,3.673,24.0,1601676524869
0.0,0.0,3.673,24.0,1601676524935
0.0,0.0,3.673,24.0,1601676525005
0.0,0.0,3.663,24.0,1601676525076
0.0,0.0,3.663,24.0,1601676525145
0.0,0.0,3.663,24.0,1601676525217
0.0,0.0,3.652,24.0,1601676525287
0.0,0.0,3.652,24.0,1601676525356
0.0,0.0,3.652,24.0,1601676525424
0.0,0.0,3.642,24.0,1601676525845
0.0,0.0,3.642,24.0,1601676525858
0.0,0.0,3.642,24.0,1601676525871
0.0,0.0,3.642,24.0,1601676525876
0.0,0.0,3.642,24.0,1601676525880
0.0,0.0,3.642,24.0,1601676525884
0.0,0.0,3.642,24.0,1601676525915
0.0,0.0,3.642,24.0,1601676525991
0.0,0.0,3.652,24.0,1601676526056
0.0,0.0,3.652,24.0,1601676526125
0.0,0.0,3.652,24.0,1601676526194
0.0,0.0,3.652,24.0,1601676526265
0.0,0.0,3.642,24.0,1601676526334
0.0,0.0,3.642,24.0,1601676526404
0.0,0.0,3.642,24.0,1601676526475
0.0,0.0,3.642,24.0,1601676526547
0.0,0.0,3.642,24.0,1601676526615
0.0,0.0,3.642,24.0,1601676526684
0.0,0.0,3.642,24.0,1601676526754
0.0,0.0,3.642,24.0,1601676526828
0.0,0.0,3.642,24.0,1601676526898
35.162628173828125,139.61459350585938,3.642,24.0,1601676526901
0.0,0.0,3.642,24.0,1601676527244
0.0,0.0,3.642,24.0,1601676527257
0.0,0.0,3.642,24.0,1601676527260
0.0,0.0,3.642,24.0,1601676527265
0.0,0.0,3.642,24.0,1601676527277
0.0,0.0,3.642,24.0,1601676527314
0.0,0.0,3.652,24.0,1601676527384
0.0,0.0,3.652,24.0,1601676527455
0.0,0.0,3.652,24.0,1601676527524
0.0,0.0,3.663,24.0,1601676527595
0.0,0.0,3.663,24.0,1601676527664
0.0,0.0,3.663,24.0,1601676527734
0.0,0.0,3.663,24.0,1601676527809
0.0,0.0,3.663,24.0,1601676527875
0.0,0.0,3.663,24.0,1601676527950
0.0,0.0,3.663,24.0,1601676528015
0.0,0.0,3.663,24.0,1601676528084
0.0,0.0,3.663,24.0,1601676528173
0.0,0.0,3.663,24.0,1601676528230
0.0,0.0,3.663,24.0,1601676528294
35.16264724731445,139.61456298828125,3.663,24.0,1601676528298
0.0,0.0,3.663,24.0,1601676528550
0.0,0.0,3.663,24.0,1601676528557
0.0,0.0,3.663,24.0,1601676528561
0.0,0.0,3.663,24.0,1601676529188
0.0,0.0,3.663,24.0,1601676529193
0.0,0.0,3.663,24.0,1601676529211
0.0,0.0,3.663,24.0,1601676529226
0.0,0.0,3.663,24.0,1601676529230
0.0,0.0,3.663,24.0,1601676529253
0.0,0.0,3.673,24.0,1601676529257
0.0,0.0,3.673,24.0,1601676529262
0.0,0.0,3.673,24.0,1601676529274
0.0,0.0,3.673,24.0,1601676529348
0.0,0.0,3.673,24.0,1601676529415
0.0,0.0,3.673,24.0,1601676529486
0.0,0.0,3.684,24.0,1601676529556
0.0,0.0,3.684,24.0,1601676529872
0.0,0.0,3.684,24.0,1601676529876
0.0,0.0,3.684,24.0,1601676529886
0.0,0.0,3.684,24.0,1601676529898
0.0,0.0,3.684,24.0,1601676529905
0.0,0.0,3.684,24.0,1601676529974
0.0,0.0,3.684,24.0,1601676530051
0.0,0.0,3.694,24.0,1601676530114
0.0,0.0,3.694,24.0,1601676530184
0.0,0.0,3.694,24.0,1601676530255
0.0,0.0,3.694,24.0,1601676530325
0.0,0.0,3.694,24.0,1601676530394
0.0,0.0,3.694,24.0,1601676530465
0.0,0.0,3.704,24.0,1601676530535
0.0,0.0,3.704,24.0,1601676530605
0.0,0.0,3.704,24.0,1601676530675
0.0,0.0,3.704,24.0,1601676530745
0.0,0.0,3.715,24.0,1601676530815
0.0,0.0,3.715,24.0,1601676530886
35.16266632080078,139.61456298828125,3.715,24.0,1601676530889
0.0,0.0,3.715,24.0,1601676531175
0.0,0.0,3.715,24.0,1601676531205
0.0,0.0,3.715,24.0,1601676531216
0.0,0.0,3.715,24.0,1601676531236
0.0,0.0,3.715,24.0,1601676531305
0.0,0.0,3.715,24.0,1601676531378
0.0,0.0,3.725,24.0,1601676531446
0.0,0.0,3.725,24.0,1601676531516
0.0,0.0,3.725,24.0,1601676531584
0.0,0.0,3.725,24.0,1601676531655
0.0,0.0,3.736,24.0,1601676531725
0.0,0.0,3.746,24.0,1601676531794
0.0,0.0,3.746,24.0,1601676531865
0.0,0.0,3.756,24.0,1601676531937
0.0,0.0,3.746,24.0,1601676532012
0.0,0.0,3.756,24.0,1601676532079
0.0,0.0,3.756,24.0,1601676532215
35.16268539428711,139.6145477294922,3.756,24.0,1601676532220
0.0,0.0,3.756,24.0,1601676532457
0.0,0.0,3.756,24.0,1601676532460
0.0,0.0,3.756,24.0,1601676532462
0.0,0.0,3.756,24.0,1601676532495
0.0,0.0,3.756,24.0,1601676532565
0.0,0.0,3.756,24.0,1601676532636
0.0,0.0,3.767,24.0,1601676532705
0.0,0.0,3.767,24.0,1601676532776
0.0,0.0,3.767,24.0,1601676532845
0.0,0.0,3.767,24.0,1601676532915
0.0,0.0,3.777,24.0,1601676532984
0.0,0.0,3.777,24.0,1601676533134
0.0,0.0,3.777,24.0,1601676533160
0.0,0.0,3.767,24.0,1601676533197
0.0,0.0,3.767,24.0,1601676533264
0.0,0.0,3.767,24.0,1601676533336
0.0,0.0,3.767,24.0,1601676533405
0.0,0.0,3.767,24.0,1601676533479
0.0,0.0,3.777,24.0,1601676533840
0.0,0.0,3.777,24.0,1601676533852
0.0,0.0,3.777,24.0,1601676533863
0.0,0.0,3.767,24.0,1601676533877
0.0,0.0,3.767,24.0,1601676533886
0.0,0.0,3.767,24.0,1601676533895
0.0,0.0,3.767,24.0,1601676533965
0.0,0.0,3.756,24.0,1601676534035
0.0,0.0,3.756,24.0,1601676534174
0.0,0.0,3.746,24.0,1601676534245
0.0,0.0,3.746,24.0,1601676534315
0.0,0.0,3.746,24.0,1601676534853
35.1627082824707,139.61453247070312,3.746,24.0,1601676534857
0.0,0.0,3.746,24.0,1601676535199
0.0,0.0,3.756,24.0,1601676535231
0.0,0.0,3.756,24.0,1601676535236
0.0,0.0,3.756,24.0,1601676535251
0.0,0.0,3.756,24.0,1601676535255
0.0,0.0,3.767,24.0,1601676535262
0.0,0.0,3.767,24.0,1601676535267
0.0,0.0,3.767,24.0,1601676535272
0.0,0.0,3.767,24.0,1601676535275
0.0,0.0,3.767,24.0,1601676535278
0.0,0.0,3.767,24.0,1601676535281
0.0,0.0,3.767,24.0,1601676535285
0.0,0.0,3.767,24.0,1601676535294
0.0,0.0,3.767,24.0,1601676535364
0.0,0.0,3.767,24.0,1601676535444
0.0,0.0,3.777,24.0,1601676535505
0.0,0.0,3.777,24.0,1601676535574
0.0,0.0,3.777,24.0,1601676535646
0.0,0.0,3.777,24.0,1601676535715
0.0,0.0,3.777,24.0,1601676535785
0.0,0.0,3.777,24.0,1601676535855
0.0,0.0,3.788,24.0,1601676535924
0.0,0.0,3.788,24.0,1601676535995
0.0,0.0,3.788,24.0,1601676536064
0.0,0.0,3.788,24.0,1601676536137
0.0,0.0,3.788,24.0,1601676536204
0.0,0.0,3.798,24.0,1601676536275
35.1627311706543,139.61453247070312,3.798,24.0,1601676536279
0.0,0.0,3.798,24.0,1601676536628
0.0,0.0,3.808,24.0,1601676536633
0.0,0.0,3.808,24.0,1601676536636
0.0,0.0,3.819,24.0,1601676536641
0.0,0.0,3.819,24.0,1601676536646
0.0,0.0,3.819,24.0,1601676536694
0.0,0.0,3.819,24.0,1601676536765
0.0,0.0,3.819,24.0,1601676536845
0.0,0.0,3.819,24.0,1601676536905
0.0,0.0,3.819,24.0,1601676536978
0.0,0.0,3.819,24.0,1601676537045
0.0,0.0,3.819,24.0,1601676537114
0.0,0.0,3.819,24.0,1601676537185
0.0,0.0,3.829,24.0,1601676537324
0.0,0.0,3.829,24.0,1601676537394
0.0,0.0,3.829,24.0,1601676537464
0.0,0.0,3.829,24.0,1601676537536
0.0,0.0,3.84,24.0,1601676537610
0.0,0.0,3.84,24.0,1601676537674
0.0,0.0,3.84,24.0,1601676538010
0.0,0.0,3.84,24.0,1601676538037
0.0,0.0,3.84,24.0,1601676538042
0.0,0.0,3.84,24.0,1601676538049
0.0,0.0,3.84,24.0,1601676538061
0.0,0.0,3.84,24.0,1601676538094
0.0,0.0,3.84,24.0,1601676538164
0.0,0.0,3.84,24.0,1601676538243
0.0,0.0,3.84,24.0,1601676538305
0.0,0.0,3.84,24.0,1601676538374
0.0,0.0,3.84,24.0,1601676538445
0.0,0.0,3.84,24.0,1601676538515
0.0,0.0,3.84,24.0,1601676538605
0.0,0.0,3.85,24.0,1601676538654
0.0,0.0,3.84,24.0,1601676538724
0.0,0.0,3.84,24.0,1601676538794
0.0,0.0,3.84,24.0,1601676538864
0.0,0.0,3.84,24.0,1601676538934
0.0,0.0,3.84,24.0,1601676539007
35.16275405883789,139.61451721191406,3.84,24.0,1601676539060
0.0,0.0,3.829,24.0,1601676539400
0.0,0.0,3.829,24.0,1601676539403
0.0,0.0,3.829,24.0,1601676539406
0.0,0.0,3.84,24.0,1601676539409
0.0,0.0,3.84,24.0,1601676539848
0.0,0.0,3.829,24.0,1601676539856
0.0,0.0,3.829,24.0,1601676539863
0.0,0.0,3.829,24.0,1601676539866
0.0,0.0,3.829,24.0,1601676539869
0.0,0.0,3.84,24.0,1601676539873
0.0,0.0,3.84,24.0,1601676539879
0.0,0.0,3.84,24.0,1601676539884
0.0,0.0,3.84,24.0,1601676539915
0.0,0.0,3.84,24.0,1601676539984
0.0,0.0,3.84,24.0,1601676540124
0.0,0.0,3.85,24.0,1601676540194
0.0,0.0,3.85,24.0,1601676540264
0.0,0.0,3.85,24.0,1601676540335
0.0,0.0,3.85,24.0,1601676540409
35.16277313232422,139.61451721191406,3.85,24.0,1601676540412
0.0,0.0,3.861,24.0,1601676540660
0.0,0.0,3.861,24.0,1601676540665
0.0,0.0,3.861,24.0,1601676540668
0.0,0.0,3.871,24.0,1601676540684
0.0,0.0,3.871,24.0,1601676540754
0.0,0.0,3.871,24.0,1601676540825
0.0,0.0,3.871,24.0,1601676541136
0.0,0.0,3.871,24.0,1601676541139
0.0,0.0,3.871,24.0,1601676541143
0.0,0.0,3.871,24.0,1601676541154
0.0,0.0,3.871,24.0,1601676541176
0.0,0.0,3.881,24.0,1601676541354
0.0,0.0,3.881,24.0,1601676541357
0.0,0.0,3.881,24.0,1601676541389
0.0,0.0,3.881,24.0,1601676541454
0.0,0.0,3.881,24.0,1601676541624
0.0,0.0,3.881,24.0,1601676541636
0.0,0.0,3.881,24.0,1601676541666
0.0,0.0,3.881,24.0,1601676542008
0.0,0.0,3.881,24.0,1601676542018
0.0,0.0,3.892,24.0,1601676542021
0.0,0.0,3.892,24.0,1601676542027
0.0,0.0,3.892,24.0,1601676542031
0.0,0.0,3.892,24.0,1601676542193
0.0,0.0,3.892,24.0,1601676542197
0.0,0.0,3.892,24.0,1601676542227
0.0,0.0,3.902,24.0,1601676542295
0.0,0.0,3.892,24.0,1601676542482
0.0,0.0,3.892,24.0,1601676542486
0.0,0.0,3.892,24.0,1601676542507
0.0,0.0,3.892,24.0,1601676542586
0.0,0.0,3.892,24.0,1601676542782
0.0,0.0,3.892,24.0,1601676542787
0.0,0.0,3.892,24.0,1601676542790
0.0,0.0,3.892,24.0,1601676542854
35.16279602050781,139.614501953125,3.892,24.0,1601676543062
0.0,0.0,3.881,24.0,1601676543462
0.0,0.0,3.881,24.0,1601676543465
0.0,0.0,3.871,24.0,1601676543473
0.0,0.0,3.871,24.0,1601676543482
0.0,0.0,3.871,24.0,1601676543497
0.0,0.0,3.871,24.0,1601676543501
0.0,0.0,3.871,24.0,1601676543505
0.0,0.0,3.871,24.0,1601676543513
0.0,0.0,3.871,24.0,1601676543693
0.0,0.0,3.881,24.0,1601676543696
0.0,0.0,3.881,24.0,1601676543702
0.0,0.0,3.881,24.0,1601676543764
0.0,0.0,3.881,24.0,1601676543996
0.0,0.0,3.881,24.0,1601676544007
0.0,0.0,3.881,24.0,1601676544014
0.0,0.0,3.881,24.0,1601676544050
0.0,0.0,3.881,24.0,1601676544115
0.0,0.0,3.881,24.0,1601676544185
0.0,0.0,3.881,24.0,1601676544254
0.0,0.0,3.881,24.0,1601676544326
0.0,0.0,3.892,24.0,1601676544868
35.162811279296875,139.61448669433594,3.892,24.0,1601676544873
0.0,0.0,3.892,24.0,1601676545606
0.0,0.0,3.892,24.0,1601676545615
0.0,0.0,3.892,24.0,1601676545634
0.0,0.0,3.892,24.0,1601676545641
0.0,0.0,3.881,24.0,1601676545645
0.0,0.0,3.892,24.0,1601676545649
0.0,0.0,3.892,24.0,1601676545652
0.0,0.0,3.892,24.0,1601676545695
0.0,0.0,3.881,24.0,1601676545699
0.0,0.0,3.881,24.0,1601676545703
0.0,0.0,3.892,24.0,1601676545706
0.0,0.0,3.892,24.0,1601676545710
0.0,0.0,3.902,24.0,1601676545713
0.0,0.0,3.902,24.0,1601676545716
0.0,0.0,3.902,24.0,1601676545720
0.0,0.0,3.902,24.0,1601676545724
0.0,0.0,3.913,24.0,1601676545727
0.0,0.0,3.913,24.0,1601676545730
0.0,0.0,3.913,24.0,1601676545733
0.0,0.0,3.913,24.0,1601676545794
0.0,0.0,3.913,24.0,1601676545865
0.0,0.0,3.913,24.0,1601676545935
0.0,0.0,3.913,24.0,1601676546004
0.0,0.0,3.913,24.0,1601676546074
0.0,0.0,3.913,24.0,1601676546145
0.0,0.0,3.913,24.0,1601676546215
0.0,0.0,3.913,24.0,1601676546290
0.0,0.0,3.913,24.0,1601676546354
0.0,0.0,3.913,24.0,1601676546424
0.0,0.0,3.913,24.0,1601676546503
0.0,0.0,3.913,24.0,1601676546566
0.0,0.0,3.913,24.0,1601676546635
35.16282653808594,139.61447143554688,3.913,24.0,1601676546639
0.0,0.0,3.902,24.0,1601676546950
0.0,0.0,3.902,24.0,1601676546953
0.0,0.0,3.902,24.0,1601676546957
0.0,0.0,3.902,24.0,1601676546961
0.0,0.0,3.902,24.0,1601676546985
0.0,0.0,3.902,24.0,1601676547063
0.0,0.0,3.902,24.0,1601676547126
0.0,0.0,3.902,24.0,1601676547195
0.0,0.0,3.902,24.0,1601676547264
0.0,0.0,3.902,24.0,1601676547334
0.0,0.0,3.902,24.0,1601676547405
0.0,0.0,3.902,24.0,1601676547476
0.0,0.0,3.892,24.0,1601676547544
0.0,0.0,3.892,24.0,1601676547614
0.0,0.0,3.892,24.0,1601676547684
0.0,0.0,3.892,24.0,1601676547759
0.0,0.0,3.892,24.0,1601676547825
0.0,0.0,3.892,24.0,1601676547894
0.0,0.0,3.892,24.0,1601676547971
0.0,0.0,3.881,24.0,1601676548244
0.0,0.0,3.892,24.0,1601676548254
0.0,0.0,3.892,24.0,1601676548259
0.0,0.0,3.892,24.0,1601676548262
0.0,0.0,3.892,24.0,1601676548314
0.0,0.0,3.892,24.0,1601676548386
0.0,0.0,3.892,24.0,1601676548458
0.0,0.0,3.892,24.0,1601676548524
0.0,0.0,3.892,24.0,1601676548595
0.0,0.0,3.881,24.0,1601676548667
0.0,0.0,3.881,24.0,1601676548734
0.0,0.0,3.881,24.0,1601676548805
0.0,0.0,3.881,24.0,1601676548881
0.0,0.0,3.881,24.0,1601676548968
0.0,0.0,3.881,24.0,1601676549098
0.0,0.0,3.881,24.0,1601676549154
0.0,0.0,3.892,24.0,1601676549230
0.0,0.0,3.892,24.0,1601676549295
35.162841796875,139.6144561767578,3.892,24.0,1601676549300
0.0,0.0,3.892,24.0,1601676549856
0.0,0.0,3.892,24.0,1601676549862
0.0,0.0,3.892,24.0,1601676549866
0.0,0.0,3.892,24.0,1601676549870
0.0,0.0,3.892,24.0,1601676549873
0.0,0.0,3.892,24.0,1601676549877
0.0,0.0,3.902,24.0,1601676549880
0.0,0.0,3.902,24.0,1601676549883
0.0,0.0,3.902,24.0,1601676549924
0.0,0.0,3.902,24.0,1601676550008
0.0,0.0,3.902,24.0,1601676550065
0.0,0.0,3.892,24.0,1601676550135
0.0,0.0,3.892,24.0,1601676550204
0.0,0.0,3.892,24.0,1601676550276
0.0,0.0,3.902,24.0,1601676550344
0.0,0.0,3.902,24.0,1601676550416
0.0,0.0,3.902,24.0,1601676550484
0.0,0.0,3.902,24.0,1601676550555
0.0,0.0,3.902,24.0,1601676550625
0.0,0.0,3.902,24.0,1601676550695
0.0,0.0,3.902,24.0,1601676550778
0.0,0.0,3.913,24.0,1601676550834
0.0,0.0,3.913,24.0,1601676550904
35.16285705566406,139.61444091796875,3.913,24.0,1601676550908
0.0,0.0,3.913,24.0,1601676551154
0.0,0.0,3.913,24.0,1601676551177
0.0,0.0,3.923,24.0,1601676551191
0.0,0.0,3.923,24.0,1601676551202
0.0,0.0,3.923,24.0,1601676551254
0.0,0.0,3.913,24.0,1601676551324
0.0,0.0,3.913,24.0,1601676551396
0.0,0.0,3.913,24.0,1601676551466
0.0,0.0,3.913,24.0,1601676551535
0.0,0.0,3.913,24.0,1601676551604
0.0,0.0,3.913,24.0,1601676551674
0.0,0.0,3.913,24.0,1601676551745
0.0,0.0,3.913,24.0,1601676551817
0.0,0.0,3.913,24.0,1601676551884
0.0,0.0,3.913,24.0,1601676551954
0.0,0.0,3.902,24.0,1601676552026
0.0,0.0,3.902,24.0,1601676552135
0.0,0.0,3.902,24.0,1601676552170
0.0,0.0,3.902,24.0,1601676552234
35.16286849975586,139.61441040039062,3.902,24.0,1601676552238
0.0,0.0,3.902,24.0,1601676552496
0.0,0.0,3.902,24.0,1601676552502
0.0,0.0,3.902,24.0,1601676552505
0.0,0.0,3.892,24.0,1601676552514
0.0,0.0,3.892,24.0,1601676552584
0.0,0.0,3.881,24.0,1601676552655
0.0,0.0,3.881,24.0,1601676552724
0.0,0.0,3.881,24.0,1601676552794
0.0,0.0,3.881,24.0,1601676552873
0.0,0.0,3.881,24.0,1601676552938
0.0,0.0,3.881,24.0,1601676553016
0.0,0.0,3.871,24.0,1601676553144
0.0,0.0,3.871,24.0,1601676553214
0.0,0.0,3.871,24.0,1601676553284
0.0,0.0,3.871,24.0,1601676553365
0.0,0.0,3.871,24.0,1601676553424
0.0,0.0,3.871,24.0,1601676553494
0.0,0.0,3.871,24.0,1601676553567
0.0,0.0,3.881,24.0,1601676553884
0.0,0.0,3.881,24.0,1601676553896
0.0,0.0,3.881,24.0,1601676553904
0.0,0.0,3.881,24.0,1601676553912
0.0,0.0,3.881,24.0,1601676553926
0.0,0.0,3.881,24.0,1601676553984
0.0,0.0,3.881,24.0,1601676554055
0.0,0.0,3.881,24.0,1601676554126
0.0,0.0,3.881,24.0,1601676554212
0.0,0.0,3.881,24.0,1601676554264
0.0,0.0,3.881,24.0,1601676554335
0.0,0.0,3.881,24.0,1601676554901
35.162879943847656,139.61439514160156,3.881,24.0,1601676554911
0.0,0.0,3.881,24.0,1601676555183
0.0,0.0,3.881,24.0,1601676555206
0.0,0.0,3.881,24.0,1601676555218
0.0,0.0,3.881,24.0,1601676555235
0.0,0.0,3.881,24.0,1601676555245
0.0,0.0,3.881,24.0,1601676555251
0.0,0.0,3.881,24.0,1601676555255
0.0,0.0,3.881,24.0,1601676555264
0.0,0.0,3.892,24.0,1601676555267
0.0,0.0,3.892,24.0,1601676555270
0.0,0.0,3.881,24.0,1601676555273
0.0,0.0,3.892,24.0,1601676555277
0.0,0.0,3.892,24.0,1601676555314
0.0,0.0,3.892,24.0,1601676555384
0.0,0.0,3.892,24.0,1601676555454
0.0,0.0,3.892,24.0,1601676555524
0.0,0.0,3.892,24.0,1601676555664
0.0,0.0,3.892,24.0,1601676555734
0.0,0.0,3.892,24.0,1601676555804
0.0,0.0,3.892,24.0,1601676555875
0.0,0.0,3.881,24.0,1601676555944
0.0,0.0,3.881,24.0,1601676556014
0.0,0.0,3.881,24.0,1601676556084
0.0,0.0,3.881,24.0,1601676556154
0.0,0.0,3.881,24.0,1601676556224
35.16289520263672,139.61436462402344,3.881,24.0,1601676556234
0.0,0.0,3.881,24.0,1601676556535
0.0,0.0,3.881,24.0,1601676556541
0.0,0.0,3.881,24.0,1601676556544
0.0,0.0,3.881,24.0,1601676556575
0.0,0.0,3.881,24.0,1601676556648
0.0,0.0,3.881,24.0,1601676556714
0.0,0.0,3.892,24.0,1601676556784
0.0,0.0,3.892,24.0,1601676556857
0.0,0.0,3.892,24.0,1601676556950
0.0,0.0,3.892,24.0,1601676556995
0.0,0.0,3.892,24.0,1601676557091
0.0,0.0,3.892,24.0,1601676557134
0.0,0.0,3.892,24.0,1601676557204
0.0,0.0,3.892,24.0,1601676557274
0.0,0.0,3.892,24.0,1601676557344
0.0,0.0,3.892,24.0,1601676557421
0.0,0.0,3.892,24.0,1601676557484
0.0,0.0,3.892,24.0,1601676557554
0.0,0.0,3.892,24.0,1601676557895
0.0,0.0,3.902,24.0,1601676557902
0.0,0.0,3.902,24.0,1601676557918
0.0,0.0,3.902,24.0,1601676557922
0.0,0.0,3.902,24.0,1601676557930
0.0,0.0,3.902,24.0,1601676558044
0.0,0.0,3.902,24.0,1601676558116
0.0,0.0,3.913,24.0,1601676558185
0.0,0.0,3.913,24.0,1601676558254
0.0,0.0,3.913,24.0,1601676558325
0.0,0.0,3.913,24.0,1601676558401
0.0,0.0,3.902,24.0,1601676558464
0.0,0.0,3.902,24.0,1601676558534
0.0,0.0,3.902,24.0,1601676558604
0.0,0.0,3.902,24.0,1601676558674
0.0,0.0,3.892,24.0,1601676558744
0.0,0.0,3.892,24.0,1601676558815
0.0,0.0,3.902,24.0,1601676558887
0.0,0.0,3.892,24.0,1601676558954
35.16290283203125,139.6143341064453,3.892,24.0,1601676558958
0.0,0.0,3.892,24.0,1601676559236
0.0,0.0,3.881,24.0,1601676559273
0.0,0.0,3.881,24.0,1601676559277
0.0,0.0,3.881,24.0,1601676559285
0.0,0.0,3.881,24.0,1601676559306
0.0,0.0,3.881,24.0,1601676559925
0.0,0.0,3.881,24.0,1601676559931
0.0,0.0,3.881,24.0,1601676559935
0.0,0.0,3.881,24.0,1601676559941
0.0,0.0,3.871,24.0,1601676559946
0.0,0.0,3.871,24.0,1601676559951
0.0,0.0,3.871,24.0,1601676559956
0.0,0.0,3.871,24.0,1601676559961
0.0,0.0,3.861,24.0,1601676559966
0.0,0.0,3.861,24.0,1601676560004
0.0,0.0,3.85,24.0,1601676560074
0.0,0.0,3.85,24.0,1601676560144
0.0,0.0,3.85,24.0,1601676560214
0.0,0.0,3.85,24.0,1601676560284
35.16291046142578,139.61431884765625,3.85,24.0,1601676560288
0.0,0.0,3.84,24.0,1601676560560
0.0,0.0,3.84,24.0,1601676560566
0.0,0.0,3.84,24.0,1601676560569
0.0,0.0,3.829,24.0,1601676560573
0.0,0.0,3.829,24.0,1601676560634
0.0,0.0,3.829,24.0,1601676560705
0.0,0.0,3.829,24.0,1601676560774
0.0,0.0,3.84,24.0,1601676560844
0.0,0.0,3.84,24.0,1601676560914
0.0,0.0,3.84,24.0,1601676561135
0.0,0.0,3.84,24.0,1601676561140
0.0,0.0,3.829,24.0,1601676561144
0.0,0.0,3.829,24.0,1601676561204
0.0,0.0,3.84,24.0,1601676561427
0.0,0.0,3.84,24.0,1601676561431
0.0,0.0,3.84,24.0,1601676561437
0.0,0.0,3.84,24.0,1601676561483
0.0,0.0,3.84,24.0,1601676561699
0.0,0.0,3.84,24.0,1601676562544
0.0,0.0,3.84,24.0,1601676562549
0.0,0.0,3.84,24.0,1601676562554
0.0,0.0,3.84,24.0,1601676562560
0.0,0.0,3.84,24.0,1601676562565
0.0,0.0,3.84,24.0,1601676562569
0.0,0.0,3.84,24.0,1601676562575
0.0,0.0,3.84,24.0,1601676562581
0.0,0.0,3.84,24.0,1601676562593
0.0,0.0,3.84,24.0,1601676562602
0.0,0.0,3.829,24.0,1601676562665
0.0,0.0,3.829,24.0,1601676562859
0.0,0.0,3.829,24.0,1601676562862
0.0,0.0,3.829,24.0,1601676562877
0.0,0.0,3.829,24.0,1601676562945
0.0,0.0,3.829,24.0,1601676563194
0.0,0.0,3.829,24.0,1601676563198
0.0,0.0,3.829,24.0,1601676563204
0.0,0.0,3.84,24.0,1601676563230
0.0,0.0,3.84,24.0,1601676563477
0.0,0.0,3.829,24.0,1601676563482
0.0,0.0,3.829,24.0,1601676563485
0.0,0.0,3.829,24.0,1601676563510
0.0,0.0,3.829,24.0,1601676563577
35.16292190551758,139.61428833007812,3.829,24.0,1601676563582
0.0,0.0,3.819,24.0,1601676564365
0.0,0.0,3.819,24.0,1601676564384
0.0,0.0,3.819,24.0,1601676564389
0.0,0.0,3.808,24.0,1601676564393
0.0,0.0,3.808,24.0,1601676564397
0.0,0.0,3.798,24.0,1601676564400
0.0,0.0,3.798,24.0,1601676564405
0.0,0.0,3.788,24.0,1601676564413
0.0,0.0,3.788,24.0,1601676564421
0.0,0.0,3.788,24.0,1601676564424
0.0,0.0,3.788,24.0,1601676564431
0.0,0.0,3.788,24.0,1601676564487
0.0,0.0,3.788,24.0,1601676564555
0.0,0.0,3.788,24.0,1601676565120
0.0,0.0,3.788,24.0,1601676565124
0.0,0.0,3.788,24.0,1601676565128
0.0,0.0,3.788,24.0,1601676565132
0.0,0.0,3.788,24.0,1601676565136
0.0,0.0,3.788,24.0,1601676565143
0.0,0.0,3.788,24.0,1601676565146
0.0,0.0,3.777,24.0,1601676565151
0.0,0.0,3.777,24.2,1601676565185
0.0,0.0,3.777,24.2,1601676565255
0.0,0.0,3.777,24.2,1601676565327
0.0,0.0,3.777,24.2,1601676565395
35.162925720214844,139.6142578125,3.777,24.2,1601676565400
0.0,0.0,3.767,24.2,1601676565747
0.0,0.0,3.767,24.2,1601676565759
0.0,0.0,3.756,24.2,1601676565763
0.0,0.0,3.756,24.2,1601676565769
0.0,0.0,3.756,24.2,1601676565773
0.0,0.0,3.756,24.2,1601676565815
0.0,0.0,3.756,24.2,1601676565887
0.0,0.0,3.756,24.2,1601676566026
0.0,0.0,3.756,24.2,1601676566095
0.0,0.0,3.756,24.2,1601676566166
0.0,0.0,3.756,24.2,1601676566306
0.0,0.0,3.756,24.2,1601676566375
0.0,0.0,3.756,24.2,1601676566446
0.0,0.0,3.756,24.2,1601676566520
0.0,0.0,3.756,24.2,1601676566593
0.0,0.0,3.756,24.2,1601676566655
0.0,0.0,3.756,24.2,1601676566725
0.0,0.0,3.756,24.2,1601676566795
35.162933349609375,139.61424255371094,3.756,24.2,1601676566798
0.0,0.0,3.756,24.2,1601676567080
0.0,0.0,3.746,24.2,1601676567092
0.0,0.0,3.746,24.2,1601676567096
0.0,0.0,3.746,24.2,1601676567147
0.0,0.0,3.746,24.2,1601676567285
0.0,0.0,3.746,24.2,1601676567356
0.0,0.0,3.736,24.2,1601676567426
0.0,0.0,3.746,24.2,1601676567498
0.0,0.0,3.736,24.2,1601676567573
0.0,0.0,3.736,24.2,1601676567637
0.0,0.0,3.736,24.2,1601676567705
0.0,0.0,3.736,24.2,1601676567777
0.0,0.0,3.736,24.2,1601676567851
0.0,0.0,3.736,24.0,1601676567916
0.0,0.0,3.736,24.0,1601676567985
0.0,0.0,3.725,24.0,1601676568056
0.0,0.0,3.725,24.0,1601676568126
35.16293716430664,139.6142120361328,3.725,24.0,1601676568134
0.0,0.0,3.715,24.0,1601676568388
0.0,0.0,3.715,24.0,1601676568395
0.0,0.0,3.704,24.0,1601676568400
0.0,0.0,3.704,24.0,1601676568421
0.0,0.0,3.694,24.0,1601676568475
0.0,0.0,3.694,24.0,1601676568547
0.0,0.0,3.684,24.0,1601676568623
0.0,0.0,3.684,24.0,1601676568685
0.0,0.0,3.673,24.0,1601676568755
0.0,0.0,3.663,24.0,1601676568929
0.0,0.0,3.663,24.0,1601676568933
0.0,0.0,3.652,24.0,1601676568970
0.0,0.0,3.652,24.0,1601676569035
0.0,0.0,3.652,24.0,1601676569107
0.0,0.0,3.642,24.0,1601676569175
0.0,0.0,3.632,24.0,1601676569245
0.0,0.0,3.621,24.0,1601676569318
0.0,0.0,3.611,24.0,1601676569387
0.0,0.0,3.6,24.0,1601676569455
0.0,0.0,3.6,24.0,1601676569788
0.0,0.0,3.59,24.0,1601676569792
0.0,0.0,3.58,24.0,1601676570158
0.0,0.0,3.569,24.0,1601676570174
0.0,0.0,3.559,24.0,1601676570180
0.0,0.0,3.548,24.0,1601676570183
0.0,0.0,3.548,24.0,1601676570185
0.0,0.0,3.538,24.0,1601676570189
0.0,0.0,3.517,24.0,1601676570191
0.0,0.0,3.517,24.0,1601676570194
0.0,0.0,3.507,24.0,1601676570226
0.0,0.0,3.507,24.0,1601676570296
0.0,0.0,3.507,24.0,1601676570365
0.0,0.0,3.507,24.0,1601676570435
0.0,0.0,3.507,24.0,1601676570505
0.0,0.0,3.507,24.0,1601676570576
0.0,0.0,3.507,24.0,1601676570649
0.0,0.0,3.507,24.0,1601676570715
0.0,0.0,3.496,24.0,1601676570855
35.162940979003906,139.6141815185547,3.496,24.0,1601676570858
0.0,0.0,3.496,24.0,1601676571109
0.0,0.0,3.496,24.0,1601676571127
0.0,0.0,3.486,24.0,1601676571133
0.0,0.0,3.475,24.0,1601676571146
0.0,0.0,3.465,24.0,1601676571205
0.0,0.0,3.455,24.0,1601676571276
0.0,0.0,3.455,24.0,1601676571345
0.0,0.0,3.444,24.0,1601676571415
0.0,0.0,3.434,24.0,1601676571486
0.0,0.0,3.423,24.0,1601676571556
0.0,0.0,3.413,24.0,1601676571627
0.0,0.0,3.413,24.0,1601676571695
0.0,0.0,3.413,24.0,1601676571765
0.0,0.0,3.423,24.0,1601676571835
0.0,0.0,3.413,24.0,1601676571915
0.0,0.0,3.403,24.0,1601676571977
0.0,0.0,3.413,24.0,1601676572045
0.0,0.0,3.403,24.0,1601676572115
0.0,0.0,3.403,24.0,1601676572185
35.16294479370117,139.61415100097656,3.403,24.0,1601676572193
0.0,0.0,3.392,24.0,1601676572894
0.0,0.0,3.392,24.0,1601676572905
0.0,0.0,3.382,24.0,1601676572929
0.0,0.0,3.392,24.0,1601676572934
0.0,0.0,3.392,24.0,1601676572938
0.0,0.0,3.382,24.0,1601676572944
0.0,0.0,3.371,24.0,1601676572949
0.0,0.0,3.361,24.0,1601676572953
0.0,0.0,3.351,24.0,1601676572959
0.0,0.0,3.34,24.0,1601676572962
0.0,0.0,3.33,24.0,1601676572966
0.0,0.0,3.33,24.0,1601676573025
0.0,0.0,3.33,24.0,1601676573109
0.0,0.0,3.34,24.0,1601676573165
0.0,0.0,3.34,24.0,1601676573235
0.0,0.0,3.34,24.0,1601676573305
0.0,0.0,3.351,24.0,1601676573376
0.0,0.0,3.34,24.0,1601676573450
0.0,0.0,3.351,24.0,1601676573521
0.0,0.0,3.351,24.0,1601676573585
0.0,0.0,3.361,24.0,1601676573655
0.0,0.0,3.371,24.0,1601676573725
0.0,0.0,3.382,24.0,1601676573797
0.0,0.0,3.382,24.0,1601676573868
0.0,0.0,3.382,24.0,1601676573935
0.0,0.0,3.382,24.0,1601676574246
0.0,0.0,3.371,24.0,1601676574252
0.0,0.0,3.371,24.0,1601676574256
0.0,0.0,3.382,24.0,1601676574260
0.0,0.0,3.382,24.0,1601676574286
0.0,0.0,3.392,24.0,1601676574356
0.0,0.0,3.392,24.0,1601676574425
0.0,0.0,3.403,24.0,1601676574499
0.0,0.0,3.403,24.0,1601676574566
0.0,0.0,3.423,24.0,1601676575206
0.0,0.0,3.423,24.0,1601676575209
0.0,0.0,3.423,24.0,1601676575218
0.0,0.0,3.423,24.0,1601676575227
0.0,0.0,3.423,24.0,1601676575232
0.0,0.0,3.423,24.0,1601676575236
0.0,0.0,3.423,24.0,1601676575265
35.16294479370117,139.6141357421875,3.423,24.0,1601676575280
0.0,0.0,3.423,24.0,1601676575579
0.0,0.0,3.434,24.0,1601676575585
0.0,0.0,3.434,24.0,1601676575588
0.0,0.0,3.434,24.0,1601676575592
0.0,0.0,3.434,24.0,1601676575616
0.0,0.0,3.434,24.0,1601676575685
0.0,0.0,3.434,24.0,1601676575755
0.0,0.0,3.434,24.0,1601676575826
0.0,0.0,3.434,24.0,1601676575995
0.0,0.0,3.423,24.0,1601676576038
0.0,0.0,3.423,24.0,1601676576106
0.0,0.0,3.434,24.0,1601676576175
0.0,0.0,3.423,24.0,1601676576245
0.0,0.0,3.413,24.0,1601676576316
0.0,0.0,3.423,24.0,1601676576391
0.0,0.0,3.423,24.0,1601676576456
0.0,0.0,3.423,24.0,1601676576525
0.0,0.0,3.434,24.0,1601676576595
35.1629524230957,139.61410522460938,3.434,24.0,1601676576599
0.0,0.0,3.434,24.0,1601676577330
0.0,0.0,3.434,24.0,1601676577343
0.0,0.0,3.434,24.0,1601676577357
0.0,0.0,3.423,24.0,1601676577362
0.0,0.0,3.423,24.0,1601676577369
0.0,0.0,3.423,24.0,1601676577373
0.0,0.0,3.423,24.0,1601676577382
0.0,0.0,3.423,24.0,1601676577404
0.0,0.0,3.423,24.0,1601676577408
0.0,0.0,3.423,24.0,1601676577411
0.0,0.0,3.434,24.0,1601676577415
0.0,0.0,3.434,24.0,1601676577435
0.0,0.0,3.434,24.0,1601676577506
0.0,0.0,3.434,24.0,1601676577575
0.0,0.0,3.434,24.0,1601676577645
0.0,0.0,3.444,24.0,1601676577720
0.0,0.0,3.444,24.0,1601676577785
0.0,0.0,3.444,24.0,1601676577855
0.0,0.0,3.444,24.0,1601676577925
0.0,0.0,3.434,24.0,1601676577997
0.0,0.0,3.444,24.0,1601676578068
0.0,0.0,3.444,24.0,1601676578142
0.0,0.0,3.444,24.0,1601676578205
0.0,0.0,3.444,24.0,1601676578275
0.0,0.0,3.455,24.0,1601676578346
35.162960052490234,139.61407470703125,3.455,24.0,1601676578352
0.0,0.0,3.444,24.0,1601676578740
0.0,0.0,3.444,24.0,1601676578745
0.0,0.0,3.444,24.0,1601676578750
0.0,0.0,3.444,24.0,1601676578753
0.0,0.0,3.434,24.0,1601676578761
0.0,0.0,3.434,24.0,1601676578765
0.0,0.0,3.434,24.0,1601676578835
0.0,0.0,3.434,24.0,1601676578906
0.0,0.0,3.434,24.0,1601676578975
0.0,0.0,3.444,24.0,1601676579046
0.0,0.0,3.434,24.0,1601676579116
0.0,0.0,3.423,24.0,1601676579193
0.0,0.0,3.423,24.0,1601676579284
0.0,0.0,3.423,24.0,1601676579325
0.0,0.0,3.434,24.0,1601676579395
0.0,0.0,3.434,24.0,1601676579465
0.0,0.0,3.423,24.0,1601676579541
0.0,0.0,3.423,24.0,1601676579605
0.0,0.0,3.423,24.0,1601676579816
0.0,0.0,3.423,24.0,1601676580525
0.0,0.0,3.423,24.0,1601676580532
0.0,0.0,3.434,24.0,1601676580536
0.0,0.0,3.434,24.0,1601676580541
0.0,0.0,3.434,24.0,1601676580547
0.0,0.0,3.434,24.0,1601676580560
0.0,0.0,3.434,24.0,1601676580565
0.0,0.0,3.434,24.0,1601676580569
0.0,0.0,3.434,24.0,1601676580579
0.0,0.0,3.434,24.0,1601676580583
0.0,0.0,3.434,24.0,1601676580655
0.0,0.0,3.434,24.0,1601676581154
0.0,0.0,3.434,24.0,1601676581170
0.0,0.0,3.444,24.0,1601676581175
0.0,0.0,3.455,24.0,1601676581179
0.0,0.0,3.465,24.0,1601676581197
0.0,0.0,3.465,24.0,1601676581215
0.0,0.0,3.475,24.0,1601676581218
0.0,0.0,3.496,24.0,1601676581222
0.0,0.0,3.496,24.0,1601676581435
0.0,0.0,3.507,24.0,1601676581441
0.0,0.0,3.507,24.0,1601676581446
0.0,0.0,3.517,24.0,1601676581496
0.0,0.0,3.517,24.0,1601676581715
35.16297149658203,139.6140594482422,3.517,24.0,1601676581721
0.0,0.0,3.527,24.0,1601676582034
0.0,0.0,3.538,24.0,1601676582039
0.0,0.0,3.527,24.0,1601676582043
0.0,0.0,3.538,24.0,1601676582053
0.0,0.0,3.538,24.0,1601676582071
0.0,0.0,3.538,24.0,1601676582079
0.0,0.0,3.548,24.0,1601676582089
0.0,0.0,3.548,24.0,1601676582279
0.0,0.0,3.548,24.0,1601676582282
0.0,0.0,3.559,24.0,1601676582288
0.0,0.0,3.569,24.0,1601676582335
0.0,0.0,3.58,24.0,1601676582561
0.0,0.0,3.58,24.0,1601676582566
0.0,0.0,3.59,24.0,1601676582570
0.0,0.0,3.6,24.0,1601676582621
0.0,0.0,3.611,24.0,1601676582862
0.0,0.0,3.621,24.0,1601676582865
0.0,0.0,3.632,24.0,1601676582871
0.0,0.0,3.642,24.0,1601676582901
0.0,0.0,3.642,24.0,1601676582967
35.162986755371094,139.61404418945312,3.642,24.0,1601676583091
0.0,0.0,3.642,24.0,1601676583410
0.0,0.0,3.652,24.0,1601676583414
0.0,0.0,3.652,24.0,1601676583417
0.0,0.0,3.652,24.0,1601676583422
0.0,0.0,3.663,24.0,1601676583474
0.0,0.0,3.663,24.0,1601676583477
0.0,0.0,3.663,24.0,1601676583482
0.0,0.0,3.673,24.0,1601676583525
0.0,0.0,3.663,24.0,1601676583778
0.0,0.0,3.663,24.0,1601676583781
0.0,0.0,3.663,24.0,1601676583786
0.0,0.0,3.684,24.0,1601676583809
0.0,0.0,3.684,24.0,1601676584369
0.0,0.0,3.684,24.0,1601676584377
0.0,0.0,3.694,24.0,1601676584380
0.0,0.0,3.694,24.0,1601676584385
0.0,0.0,3.704,24.0,1601676584387
0.0,0.0,3.715,24.0,1601676584390
0.0,0.0,3.725,24.0,1601676584394
0.0,0.0,3.736,24.0,1601676584436
35.16299819946289,139.61402893066406,3.736,24.0,1601676584439
0.0,0.0,3.736,24.0,1601676584741
0.0,0.0,3.746,24.0,1601676584747
0.0,0.0,3.746,24.0,1601676584750
0.0,0.0,3.746,24.0,1601676584754
0.0,0.0,3.756,24.0,1601676584800
0.0,0.0,3.767,24.0,1601676584925
0.0,0.0,3.767,24.0,1601676584996
0.0,0.0,3.777,24.0,1601676585069
0.0,0.0,3.788,24.0,1601676585135
0.0,0.0,3.788,24.0,1601676585206
0.0,0.0,3.788,24.0,1601676585280
0.0,0.0,3.798,24.0,1601676585346
0.0,0.0,3.808,24.0,1601676585523
0.0,0.0,3.808,24.0,1601676585527
0.0,0.0,3.808,24.0,1601676585574
0.0,0.0,3.819,24.0,1601676585628
0.0,0.0,3.819,24.0,1601676585696
0.0,0.0,3.829,24.0,1601676585765
0.0,0.0,3.829,24.0,1601676586199
0.0,0.0,3.84,24.0,1601676586205
0.0,0.0,3.85,24.0,1601676586228
0.0,0.0,3.85,24.0,1601676586238
0.0,0.0,3.861,24.0,1601676586241
0.0,0.0,3.871,24.0,1601676586255
0.0,0.0,3.881,24.0,1601676586325
0.0,0.0,3.881,24.0,1601676586395
0.0,0.0,3.892,24.0,1601676586465
0.0,0.0,3.892,24.0,1601676586540
0.0,0.0,3.902,24.0,1601676586606
0.0,0.0,3.902,24.0,1601676586678
0.0,0.0,3.913,24.0,1601676586745
0.0,0.0,3.913,24.0,1601676586815
0.0,0.0,3.923,24.0,1601676586896
0.0,0.0,3.923,24.0,1601676586955
0.0,0.0,3.933,24.0,1601676587027
0.0,0.0,3.933,24.0,1601676587095
0.0,0.0,3.944,24.0,1601676587166
0.0,0.0,3.954,24.0,1601676587235
35.16301727294922,139.614013671875,3.954,24.0,1601676587238
0.0,0.0,3.954,24.0,1601676587591
0.0,0.0,3.965,24.0,1601676587596
0.0,0.0,3.965,24.0,1601676587600
0.0,0.0,3.965,24.0,1601676587610
0.0,0.0,3.975,24.0,1601676587616
0.0,0.0,3.985,24.0,1601676587655
0.0,0.0,3.996,24.0,1601676587725
0.0,0.0,4.006,24.0,1601676587802
0.0,0.0,4.006,24.0,1601676587867
0.0,0.0,4.017,24.0,1601676587937
0.0,0.0,4.027,24.0,1601676588007
0.0,0.0,4.037,24.0,1601676588077
0.0,0.0,4.048,24.0,1601676588147
0.0,0.0,4.058,24.0,1601676588217
0.0,0.0,4.058,24.0,1601676588287
0.0,0.0,4.069,24.0,1601676588357
0.0,0.0,4.079,24.0,1601676588427
0.0,0.0,4.089,24.0,1601676588499
0.0,0.0,4.089,24.0,1601676588594
35.16303634643555,139.61399841308594,4.089,24.0,1601676588598
0.0,0.0,4.1,24.0,1601676589315
0.0,0.0,4.11,24.0,1601676589345
0.0,0.0,4.121,24.0,1601676589352
0.0,0.0,4.141,24.0,1601676589355
0.0,0.0,4.152,24.0,1601676589370
0.0,0.0,4.152,24.0,1601676589380
0.0,0.0,4.162,24.0,1601676589383
0.0,0.0,4.173,24.0,1601676589386
0.0,0.0,4.194,24.0,1601676589390
0.0,0.0,4.194,24.0,1601676589395
0.0,0.0,4.204,24.0,1601676589401
0.0,0.0,4.214,24.0,1601676589414
0.0,0.0,4.225,24.0,1601676589480
0.0,0.0,4.225,24.0,1601676589561
0.0,0.0,4.235,24.0,1601676589617
0.0,0.0,4.246,24.0,1601676589687
0.0,0.0,4.256,24.0,1601676589758
0.0,0.0,4.277,24.0,1601676589828
0.0,0.0,4.277,24.0,1601676589910
0.0,0.0,4.277,24.0,1601676590127
0.0,0.0,4.287,24.0,1601676590135
0.0,0.0,4.298,24.0,1601676590179
0.0,0.0,4.298,24.0,1601676590248
0.0,0.0,4.308,24.0,1601676590317
0.0,0.0,4.308,24.0,1601676590387
35.16305160522461,139.61399841308594,4.308,24.0,1601676590391
0.0,0.0,4.318,24.0,1601676590664
0.0,0.0,4.318,24.0,1601676590672
0.0,0.0,4.329,24.0,1601676590675
0.0,0.0,4.339,24.0,1601676590680
0.0,0.0,4.339,24.0,1601676590843
0.0,0.0,4.35,24.0,1601676590845
0.0,0.0,4.36,24.0,1601676590878
0.0,0.0,4.36,24.0,1601676590947
0.0,0.0,4.37,24.0,1601676591018
0.0,0.0,4.37,24.0,1601676591087
0.0,0.0,4.37,24.0,1601676591157
0.0,0.0,4.37,24.0,1601676591228
0.0,0.0,4.381,24.0,1601676591297
0.0,0.0,4.381,24.0,1601676591367
0.0,0.0,4.391,24.0,1601676591442
0.0,0.0,4.381,24.0,1601676591509
0.0,0.0,4.391,24.0,1601676591577
0.0,0.0,4.391,24.0,1601676591647
0.0,0.0,4.402,24.0,1601676591717
0.0,0.0,4.402,24.0,1601676591974
0.0,0.0,4.412,24.0,1601676591977
0.0,0.0,4.412,24.0,1601676591983
0.0,0.0,4.422,24.0,1601676592000
0.0,0.0,4.422,24.0,1601676592068
0.0,0.0,4.412,24.0,1601676592137
0.0,0.0,4.433,24.0,1601676592208
0.0,0.0,4.433,24.0,1601676592378
0.0,0.0,4.443,24.0,1601676592382
0.0,0.0,4.443,24.0,1601676592418
0.0,0.0,4.443,24.0,1601676592487
0.0,0.0,4.454,24.0,1601676592557
0.0,0.0,4.454,24.0,1601676592627
0.0,0.0,4.464,24.0,1601676592698
0.0,0.0,4.454,24.0,1601676592796
0.0,0.0,4.464,24.0,1601676592840
0.0,0.0,4.464,24.0,1601676592907
0.0,0.0,4.464,24.0,1601676592987
35.16307067871094,139.61398315429688,4.464,24.0,1601676592993
0.0,0.0,4.464,24.0,1601676593288
0.0,0.0,4.464,24.0,1601676593301
0.0,0.0,4.464,24.0,1601676593309
0.0,0.0,4.464,24.0,1601676593313
0.0,0.0,4.464,24.0,1601676593328
0.0,0.0,4.464,24.0,1601676593400
0.0,0.0,4.475,24.0,1601676593468
0.0,0.0,4.485,24.0,1601676593538
0.0,0.0,4.485,24.0,1601676593608
0.0,0.0,4.485,24.0,1601676593682
0.0,0.0,4.485,24.0,1601676593767
0.0,0.0,4.495,24.0,1601676594427
35.16309356689453,139.6139678955078,4.495,24.0,1601676594430
0.0,0.0,4.495,24.0,1601676594772
0.0,0.0,4.495,24.0,1601676594775
0.0,0.0,4.506,24.0,1601676594779
0.0,0.0,4.506,24.0,1601676594782
0.0,0.0,4.516,24.0,1601676594785
0.0,0.0,4.516,24.0,1601676594790
0.0,0.0,4.516,24.0,1601676594796
0.0,0.0,4.527,24.0,1601676594818
0.0,0.0,4.516,24.0,1601676594823
0.0,0.0,4.516,24.0,1601676594827
0.0,0.0,4.527,24.0,1601676594842
0.0,0.0,4.537,24.0,1601676594846
0.0,0.0,4.537,24.0,1601676594849
0.0,0.0,4.537,24.0,1601676594868
0.0,0.0,4.537,24.0,1601676594950
0.0,0.0,4.537,24.0,1601676595008
0.0,0.0,4.547,24.0,1601676595078
0.0,0.0,4.547,24.0,1601676595148
0.0,0.0,4.547,24.0,1601676595218
0.0,0.0,4.558,24.0,1601676595288
0.0,0.0,4.558,24.0,1601676595366
0.0,0.0,4.568,24.0,1601676595432
0.0,0.0,4.579,24.0,1601676595499
0.0,0.0,4.579,24.0,1601676595638
0.0,0.0,4.589,24.0,1601676595708
0.0,0.0,4.589,24.0,1601676595779
0.0,0.0,4.599,24.0,1601676596131
0.0,0.0,4.599,24.0,1601676596135
0.0,0.0,4.61,24.0,1601676596140
0.0,0.0,4.61,24.0,1601676596144
0.0,0.0,4.62,24.0,1601676596198
0.0,0.0,4.62,24.0,1601676596476
0.0,0.0,4.631,24.0,1601676596486
0.0,0.0,4.631,24.0,1601676596491
0.0,0.0,4.631,24.0,1601676596495
0.0,0.0,4.631,24.0,1601676596548
0.0,0.0,4.631,24.0,1601676596619
0.0,0.0,4.631,24.0,1601676596690
0.0,0.0,4.631,24.0,1601676596758
0.0,0.0,4.631,24.0,1601676596831
0.0,0.0,4.631,24.0,1601676596898
0.0,0.0,4.641,24.0,1601676596968
0.0,0.0,4.641,24.0,1601676597051
0.0,0.0,4.631,24.0,1601676597108
0.0,0.0,4.641,24.0,1601676597179
35.16311264038086,139.6139678955078,4.641,24.0,1601676597183
0.0,0.0,4.651,24.0,1601676597568
0.0,0.0,4.662,24.0,1601676597572
0.0,0.0,4.662,24.0,1601676597580
0.0,0.0,4.672,24.0,1601676597591
0.0,0.0,4.672,24.0,1601676597595
0.0,0.0,4.672,24.0,1601676597605
0.0,0.0,4.672,24.0,1601676597673
0.0,0.0,4.672,24.0,1601676597742
0.0,0.0,4.683,24.0,1601676597813
0.0,0.0,4.672,24.0,1601676597884
0.0,0.0,4.683,24.0,1601676597956
0.0,0.0,4.683,24.0,1601676598022
0.0,0.0,4.683,24.0,1601676598092
0.0,0.0,4.683,24.0,1601676598162
0.0,0.0,4.683,24.0,1601676598233
0.0,0.0,4.683,24.0,1601676598303
0.0,0.0,4.683,24.0,1601676598372
0.0,0.0,4.683,24.0,1601676598442
0.0,0.0,4.683,24.0,1601676598512
0.0,0.0,4.683,24.0,1601676598586
35.16312789916992,139.61395263671875,4.683,24.0,1601676598590
0.0,0.0,4.683,24.0,1601676598911
0.0,0.0,4.683,24.0,1601676598951
0.0,0.0,4.683,24.0,1601676598956
0.0,0.0,4.693,24.0,1601676598961
0.0,0.0,4.703,24.0,1601676599003
0.0,0.0,4.703,24.0,1601676599072
0.0,0.0,4.703,24.0,1601676599142
0.0,0.0,4.703,24.0,1601676599213
0.0,0.0,4.703,24.0,1601676599282
0.0,0.0,4.714,24.0,1601676599352
0.0,0.0,4.714,24.0,1601676599423
0.0,0.0,4.724,24.0,1601676599956
0.0,0.0,4.714,24.0,1601676600260
0.0,0.0,4.724,24.0,1601676600271
0.0,0.0,4.724,24.0,1601676600274
0.0,0.0,4.724,24.0,1601676600284
0.0,0.0,4.735,24.0,1601676600310
0.0,0.0,4.735,24.0,1601676600317
0.0,0.0,4.735,24.0,1601676600329
0.0,0.0,4.745,24.0,1601676600334
0.0,0.0,4.745,24.0,1601676600337
0.0,0.0,4.756,24.0,1601676600341
0.0,0.0,4.756,24.0,1601676600347
0.0,0.0,4.756,24.0,1601676600351
0.0,0.0,4.756,24.0,1601676600403
0.0,0.0,4.756,24.0,1601676600472
0.0,0.0,4.756,24.0,1601676600543
0.0,0.0,4.756,24.0,1601676600613
0.0,0.0,4.756,24.0,1601676600687
0.0,0.0,4.766,24.0,1601676600772
0.0,0.0,4.766,24.0,1601676600822
0.0,0.0,4.766,24.0,1601676600893
0.0,0.0,4.766,24.0,1601676600963
0.0,0.0,4.766,24.0,1601676601036
0.0,0.0,4.776,24.0,1601676601149
0.0,0.0,4.766,24.0,1601676601179
0.0,0.0,4.766,24.0,1601676601242
0.0,0.0,4.766,24.0,1601676601318
35.16313934326172,139.6139373779297,4.766,24.0,1601676601324
0.0,0.0,4.766,24.0,1601676601656
0.0,0.0,4.776,24.0,1601676601664
0.0,0.0,4.766,24.0,1601676601679
0.0,0.0,4.776,24.0,1601676601690
0.0,0.0,4.766,24.0,1601676601733
0.0,0.0,4.766,24.0,1601676601802
0.0,0.0,4.766,24.0,1601676601884
0.0,0.0,4.766,24.0,1601676601944
0.0,0.0,4.766,24.0,1601676602012
0.0,0.0,4.766,24.0,1601676602155
0.0,0.0,4.766,24.0,1601676602225
0.0,0.0,4.756,24.0,1601676602296
0.0,0.0,4.756,24.0,1601676602375
0.0,0.0,4.756,24.0,1601676602435
0.0,0.0,4.756,24.0,1601676602505
0.0,0.0,4.756,24.0,1601676602576
0.0,0.0,4.756,24.0,1601676602653
0.0,0.0,4.756,24.0,1601676602718
35.16315460205078,139.6139373779297,4.756,24.0,1601676602721
0.0,0.0,4.756,24.0,1601676602975
0.0,0.0,4.756,24.0,1601676602981
0.0,0.0,4.756,24.0,1601676602996
0.0,0.0,4.756,24.0,1601676603067
0.0,0.0,4.756,24.0,1601676603136
0.0,0.0,4.756,24.0,1601676603205
0.0,0.0,4.756,24.0,1601676603438
0.0,0.0,4.756,24.0,1601676603446
0.0,0.0,4.756,24.0,1601676603449
0.0,0.0,4.756,24.0,1601676603489
0.0,0.0,4.766,24.0,1601676603556
0.0,0.0,4.766,24.0,1601676603721
0.0,0.0,4.766,24.0,1601676603724
0.0,0.0,4.776,24.0,1601676603768
0.0,0.0,4.776,24.0,1601676603844
0.0,0.0,4.776,24.0,1601676603999
0.0,0.0,4.776,24.0,1601676604266
0.0,0.0,4.787,24.0,1601676604270
0.0,0.0,4.787,24.0,1601676604275
0.0,0.0,4.787,24.0,1601676604279
0.0,0.0,4.787,24.0,1601676604327
0.0,0.0,4.787,24.0,1601676604941
0.0,0.0,4.776,24.0,1601676604953
0.0,0.0,4.776,24.0,1601676604961
0.0,0.0,4.776,24.0,1601676604999
0.0,0.0,4.776,24.0,1601676605011
0.0,0.0,4.776,24.0,1601676605135
0.0,0.0,4.787,24.0,1601676605140
0.0,0.0,4.787,24.0,1601676605146
0.0,0.0,4.787,24.0,1601676605153
0.0,0.0,4.787,24.0,1601676605159
0.0,0.0,4.787,24.0,1601676605172
0.0,0.0,4.787,24.0,1601676605238
0.0,0.0,4.787,24.0,1601676605431
35.16316604614258,139.61392211914062,4.787,24.0,1601676605434
0.0,0.0,4.787,24.0,1601676605757
0.0,0.0,4.787,24.0,1601676605764
0.0,0.0,4.787,24.0,1601676605768
0.0,0.0,4.787,24.0,1601676605772
0.0,0.0,4.787,24.0,1601676605777
0.0,0.0,4.787,24.0,1601676605783
0.0,0.0,4.797,24.0,1601676605801
0.0,0.0,4.797,24.0,1601676606043
0.0,0.0,4.797,24.0,1601676606050
0.0,0.0,4.797,24.0,1601676606060
0.0,0.0,4.797,24.0,1601676606078
0.0,0.0,4.797,24.0,1601676606146
0.0,0.0,4.797,24.0,1601676606343
0.0,0.0,4.797,24.0,1601676606349
0.0,0.0,4.797,24.0,1601676606358
0.0,0.0,4.797,24.0,1601676606428
0.0,0.0,4.797,24.0,1601676606496
0.0,0.0,4.797,24.0,1601676606640
0.0,0.0,4.797,24.0,1601676606711
0.0,0.0,4.797,24.0,1601676606781
35.16317367553711,139.61392211914062,4.797,24.0,1601676606788
0.0,0.0,4.797,24.0,1601676607066
0.0,0.0,4.797,24.0,1601676607069
0.0,0.0,4.808,24.0,1601676607078
0.0,0.0,4.808,24.0,1601676607085
0.0,0.0,4.808,24.0,1601676607130
0.0,0.0,4.808,24.0,1601676607200
0.0,0.0,4.808,24.0,1601676607278
0.0,0.0,4.818,24.0,1601676607342
0.0,0.0,4.818,24.0,1601676607410
0.0,0.0,4.818,24.0,1601676607481
0.0,0.0,4.818,24.0,1601676607550
0.0,0.0,4.818,24.0,1601676607630
0.0,0.0,4.828,24.0,1601676607692
0.0,0.0,4.828,24.0,1601676607761
0.0,0.0,4.828,24.0,1601676607830
0.0,0.0,4.828,24.0,1601676607911
0.0,0.0,4.828,24.0,1601676607978
0.0,0.0,4.828,24.0,1601676608041
0.0,0.0,4.828,24.0,1601676608110
0.0,0.0,4.818,24.0,1601676608856
0.0,0.0,4.818,24.0,1601676608871
0.0,0.0,4.818,24.0,1601676608879
0.0,0.0,4.818,24.0,1601676608888
0.0,0.0,4.818,24.0,1601676608893
0.0,0.0,4.818,24.0,1601676608898
0.0,0.0,4.818,24.0,1601676608902
0.0,0.0,4.818,24.0,1601676608905
0.0,0.0,4.818,24.0,1601676608909
0.0,0.0,4.818,24.0,1601676608918
0.0,0.0,4.828,24.0,1601676608968
0.0,0.0,4.828,24.0,1601676609021
0.0,0.0,4.828,24.0,1601676609092
0.0,0.0,4.828,24.0,1601676609161
0.0,0.0,4.828,24.0,1601676609230
0.0,0.0,4.828,24.0,1601676609300
0.0,0.0,4.828,24.0,1601676609371
0.0,0.0,4.828,24.0,1601676609940
0.0,0.0,4.839,24.0,1601676610251
0.0,0.0,4.839,24.0,1601676610256
0.0,0.0,4.849,24.0,1601676610262
0.0,0.0,4.849,24.0,1601676610265
0.0,0.0,4.849,24.0,1601676610268
0.0,0.0,4.86,24.0,1601676610275
0.0,0.0,4.86,24.0,1601676610279
0.0,0.0,4.87,24.0,1601676610283
0.0,0.0,4.88,24.0,1601676610286
0.0,0.0,4.88,24.0,1601676610297
0.0,0.0,4.88,24.0,1601676610401
0.0,0.0,4.891,24.0,1601676610421
0.0,0.0,4.891,24.0,1601676610491
0.0,0.0,4.901,24.0,1601676610561
0.0,0.0,4.901,24.0,1601676610630
0.0,0.0,4.901,24.0,1601676610703
0.0,0.0,4.912,24.0,1601676610773
0.0,0.0,4.912,24.0,1601676610852
0.0,0.0,4.912,24.0,1601676610911
0.0,0.0,4.922,24.0,1601676610980
0.0,0.0,4.922,24.0,1601676611050
0.0,0.0,4.922,24.0,1601676611123
0.0,0.0,4.932,24.0,1601676611198
0.0,0.0,4.932,24.0,1601676611264
35.163185119628906,139.61390686035156,4.932,24.0,1601676611271
0.0,0.0,4.932,24.0,1601676611611
0.0,0.0,4.932,24.0,1601676611616
0.0,0.0,4.932,24.0,1601676611623
0.0,0.0,4.932,24.0,1601676611628
0.0,0.0,4.932,24.0,1601676611637
0.0,0.0,4.932,24.0,1601676611685
0.0,0.0,4.932,24.0,1601676611762
0.0,0.0,4.932,24.0,1601676611834
0.0,0.0,4.932,24.0,1601676611897
0.0,0.0,4.932,24.0,1601676611965
0.0,0.0,4.932,24.0,1601676612036
0.0,0.0,4.932,24.0,1601676612105
0.0,0.0,4.932,24.0,1601676612175
0.0,0.0,4.932,24.0,1601676612347
0.0,0.0,4.932,24.0,1601676612355
0.0,0.0,4.932,24.0,1601676612388
0.0,0.0,4.932,24.0,1601676612454
0.0,0.0,4.932,24.0,1601676612524
0.0,0.0,4.932,24.0,1601676612594
0.0,0.0,4.943,24.0,1601676612664
35.1631965637207,139.6138916015625,4.943,24.0,1601676612669
0.0,0.0,4.943,24.0,1601676612989
0.0,0.0,4.943,24.0,1601676612996
0.0,0.0,4.943,24.0,1601676613000
0.0,0.0,4.953,24.0,1601676613004
0.0,0.0,4.953,24.0,1601676613084
0.0,0.0,4.964,24.0,1601676613155
0.0,0.0,4.964,24.0,1601676613224
0.0,0.0,4.974,24.0,1601676613294
0.0,0.0,4.974,24.0,1601676613368
0.0,0.0,4.974,24.0,1601676613434
0.0,0.0,4.974,24.0,1601676613505
0.0,0.0,4.984,24.0,1601676613582
0.0,0.0,4.984,24.0,1601676613644
0.0,0.0,4.984,24.0,1601676613716
0.0,0.0,4.995,24.0,1601676613785
0.0,0.0,4.995,24.0,1601676613872
0.0,0.0,4.995,24.0,1601676613924
0.0,0.0,4.995,24.0,1601676613995
0.0,0.0,4.995,24.0,1601676614065
35.1632080078125,139.6138916015625,4.995,24.0,1601676614075
0.0,0.0,4.995,24.0,1601676614378
0.0,0.0,5.005,24.0,1601676614382
0.0,0.0,5.005,24.0,1601676614392
0.0,0.0,5.005,24.0,1601676614397
0.0,0.0,5.005,24.0,1601676614415
0.0,0.0,5.005,24.0,1601676615009
0.0,0.0,4.995,24.0,1601676615018
0.0,0.0,4.995,24.0,1601676615027
0.0,0.0,4.995,24.0,1601676615033
0.0,0.0,5.005,24.0,1601676615041
0.0,0.0,5.005,24.0,1601676615046
0.0,0.0,5.005,24.0,1601676615050
0.0,0.0,5.005,24.0,1601676615055
0.0,0.0,5.005,24.0,1601676615063
0.0,0.0,5.005,24.0,1601676615184
0.0,0.0,5.005,24.0,1601676615189
0.0,0.0,5.005,24.0,1601676615266
0.0,0.0,5.005,24.0,1601676615324
0.0,0.0,4.995,24.0,1601676615395
0.0,0.0,4.995,24.0,1601676615648
0.0,0.0,4.984,24.0,1601676615656
0.0,0.0,4.984,24.0,1601676615660
0.0,0.0,4.984,24.0,1601676615674
0.0,0.0,4.995,24.0,1601676615748
0.0,0.0,4.995,24.0,1601676615818
0.0,0.0,4.995,24.0,1601676615890
0.0,0.0,4.995,24.0,1601676615958
0.0,0.0,4.995,24.0,1601676616029
0.0,0.0,4.995,24.0,1601676616098
0.0,0.0,4.995,24.0,1601676616171
0.0,0.0,4.995,24.0,1601676616238
0.0,0.0,5.005,24.0,1601676616308
0.0,0.0,5.005,24.0,1601676616378
0.0,0.0,5.005,24.0,1601676616448
0.0,0.0,5.005,24.0,1601676616518
0.0,0.0,5.016,24.0,1601676616592
0.0,0.0,5.016,24.0,1601676616677
35.1632194519043,139.61387634277344,5.016,24.0,1601676616682
0.0,0.0,5.016,24.0,1601676616959
0.0,0.0,5.026,24.0,1601676616964
0.0,0.0,5.026,24.0,1601676616968
0.0,0.0,5.026,24.0,1601676616975
0.0,0.0,5.026,24.0,1601676617008
0.0,0.0,5.026,24.0,1601676617081
0.0,0.0,5.026,24.0,1601676617149
0.0,0.0,5.026,24.0,1601676617218
0.0,0.0,5.036,24.0,1601676617289
0.0,0.0,5.036,24.0,1601676617364
0.0,0.0,5.036,24.0,1601676617429
0.0,0.0,5.047,24.0,1601676617498
0.0,0.0,5.047,24.0,1601676617568
0.0,0.0,5.057,24.0,1601676617644
0.0,0.0,5.057,24.0,1601676617726
0.0,0.0,5.068,24.0,1601676617779
0.0,0.0,5.078,24.0,1601676617848
0.0,0.0,5.078,24.0,1601676617918
0.0,0.0,5.078,24.0,1601676617995
0.0,0.0,5.089,24.0,1601676618411
0.0,0.0,5.089,24.0,1601676618419
0.0,0.0,5.089,24.0,1601676618423
0.0,0.0,5.099,24.0,1601676618438
0.0,0.0,5.109,24.0,1601676618446
0.0,0.0,5.109,24.0,1601676618478
0.0,0.0,5.109,24.0,1601676618548
0.0,0.0,5.109,24.0,1601676618621
0.0,0.0,5.109,24.0,1601676618693
0.0,0.0,5.12,24.0,1601676618758
0.0,0.0,5.12,24.0,1601676618828
0.0,0.0,5.13,24.0,1601676618900
0.0,0.0,5.141,24.0,1601676618985
0.0,0.0,5.141,24.0,1601676619046
0.0,0.0,5.161,24.0,1601676619120
0.0,0.0,5.161,24.0,1601676619178
0.0,0.0,5.172,24.0,1601676619251
0.0,0.0,5.172,24.0,1601676619321
0.0,0.0,5.182,24.0,1601676619388
0.0,0.0,5.182,24.0,1601676620032
35.16323471069336,139.61386108398438,5.182,24.0,1601676620039
0.0,0.0,5.182,24.0,1601676620371
0.0,0.0,5.182,24.0,1601676620374
0.0,0.0,5.182,24.0,1601676620378
0.0,0.0,5.182,24.0,1601676620383
0.0,0.0,5.193,24.0,1601676620386
0.0,0.0,5.193,24.0,1601676620391
0.0,0.0,5.193,24.0,1601676620398
0.0,0.0,5.193,24.0,1601676620403
0.0,0.0,5.193,24.0,1601676620407
0.0,0.0,5.193,24.0,1601676620411
0.0,0.0,5.203,24.0,1601676620414
0.0,0.0,5.203,24.0,1601676620418
0.0,0.0,5.203,24.0,1601676620421
0.0,0.0,5.213,24.0,1601676620539
0.0,0.0,5.224,24.0,1601676620542
0.0,0.0,5.234,24.0,1601676620591
0.0,0.0,5.234,24.0,1601676620649
0.0,0.0,5.234,24.0,1601676620720
0.0,0.0,5.245,24.0,1601676620790
0.0,0.0,5.245,24.0,1601676620860
0.0,0.0,5.245,24.0,1601676620935
0.0,0.0,5.245,24.0,1601676621002
0.0,0.0,5.255,24.0,1601676621072
0.0,0.0,5.245,24.0,1601676621139
0.0,0.0,5.245,24.0,1601676621212
0.0,0.0,5.245,24.0,1601676621281
0.0,0.0,5.234,24.0,1601676621352
0.0,0.0,5.234,24.0,1601676621419
35.16325378417969,139.6138458251953,5.234,24.0,1601676621422
0.0,0.0,5.234,24.0,1601676621765
0.0,0.0,5.245,24.0,1601676621770
0.0,0.0,5.245,24.0,1601676621774
0.0,0.0,5.255,24.0,1601676621791
0.0,0.0,5.255,24.0,1601676621800
0.0,0.0,5.255,24.0,1601676621840
0.0,0.0,5.265,24.0,1601676621910
0.0,0.0,5.265,24.0,1601676622050
0.0,0.0,5.276,24.0,1601676622120
0.0,0.0,5.276,24.0,1601676622189
0.0,0.0,5.286,24.0,1601676622265
0.0,0.0,5.286,24.0,1601676622329
0.0,0.0,5.286,24.0,1601676622400
0.0,0.0,5.286,24.0,1601676622470
0.0,0.0,5.286,24.0,1601676622540
0.0,0.0,5.286,24.0,1601676622609
0.0,0.0,5.286,24.0,1601676622685
0.0,0.0,5.286,24.0,1601676622755
0.0,0.0,5.276,24.0,1601676622819
35.163272857666016,139.61383056640625,5.276,24.0,1601676622822
0.0,0.0,5.286,24.0,1601676623556
0.0,0.0,5.286,24.0,1601676623574
0.0,0.0,5.286,24.0,1601676623581
0.0,0.0,5.286,24.0,1601676623586
0.0,0.0,5.297,24.0,1601676623590
0.0,0.0,5.297,24.0,1601676623593
0.0,0.0,5.297,24.0,1601676623601
0.0,0.0,5.297,24.0,1601676623609
0.0,0.0,5.297,24.0,1601676623613
0.0,0.0,5.307,24.0,1601676623618
0.0,0.0,5.307,24.0,1601676623750
0.0,0.0,5.307,24.0,1601676623755
0.0,0.0,5.307,24.0,1601676623758
0.0,0.0,5.317,24.0,1601676623809
0.0,0.0,5.328,24.0,1601676624024
0.0,0.0,5.328,24.0,1601676624033
0.0,0.0,5.328,24.0,1601676624084
0.0,0.0,5.317,24.0,1601676624307
0.0,0.0,5.317,24.0,1601676624311
0.0,0.0,5.317,24.0,1601676624314
0.0,0.0,5.328,24.0,1601676624365
0.0,0.0,5.317,24.0,1601676624584
35.16329574584961,139.61383056640625,5.317,24.0,1601676624588
0.0,0.0,5.307,24.0,1601676624823
0.0,0.0,5.307,24.0,1601676624830
0.0,0.0,5.307,24.0,1601676624836
0.0,0.0,5.307,24.0,1601676624862
0.0,0.0,5.307,24.0,1601676624869
0.0,0.0,5.317,24.0,1601676624872
0.0,0.0,5.317,24.0,1601676624924
0.0,0.0,5.317,24.0,1601676625171
0.0,0.0,5.317,24.0,1601676625178
0.0,0.0,5.317,24.0,1601676625187
0.0,0.0,5.317,24.0,1601676625208
0.0,0.0,5.317,24.0,1601676625276
0.0,0.0,5.317,24.0,1601676625833
0.0,0.0,5.317,24.0,1601676626660
0.0,0.0,5.317,24.0,1601676626665
0.0,0.0,5.317,24.0,1601676626669
0.0,0.0,5.317,24.0,1601676626672
0.0,0.0,5.317,24.0,1601676626676
0.0,0.0,5.317,24.0,1601676626679
0.0,0.0,5.317,24.0,1601676626682
0.0,0.0,5.317,24.0,1601676626685
0.0,0.0,5.317,24.0,1601676626687
0.0,0.0,5.317,24.0,1601676626690
0.0,0.0,5.307,24.0,1601676626699
0.0,0.0,5.307,24.0,1601676626704
0.0,0.0,5.317,24.0,1601676626714
0.0,0.0,5.317,24.0,1601676626719
0.0,0.0,5.317,24.0,1601676626722
0.0,0.0,5.328,24.0,1601676626726
0.0,0.0,5.328,24.0,1601676626729
0.0,0.0,5.328,24.0,1601676626732
0.0,0.0,5.328,24.0,1601676626735
0.0,0.0,5.328,24.0,1601676626745
0.0,0.0,5.338,24.0,1601676626815
0.0,0.0,5.338,24.0,1601676626885
0.0,0.0,5.338,24.0,1601676626956
0.0,0.0,5.338,24.0,1601676627026
0.0,0.0,5.338,24.0,1601676627194
0.0,0.0,5.349,24.0,1601676627238
0.0,0.0,5.349,24.0,1601676627305
0.0,0.0,5.349,24.0,1601676627375
0.0,0.0,5.349,24.0,1601676627445
0.0,0.0,5.349,24.0,1601676627516
0.0,0.0,5.359,24.0,1601676627585
0.0,0.0,5.359,24.0,1601676627664
35.16331481933594,139.6138153076172,5.359,24.0,1601676627670
0.0,0.0,5.37,24.0,1601676627962
0.0,0.0,5.37,24.0,1601676627966
0.0,0.0,5.37,24.0,1601676627969
0.0,0.0,5.38,24.0,1601676627974
0.0,0.0,5.38,24.0,1601676628011
0.0,0.0,5.39,24.0,1601676628075
0.0,0.0,5.401,24.0,1601676628145
0.0,0.0,5.401,24.0,1601676628215
0.0,0.0,5.401,24.0,1601676628287
0.0,0.0,5.411,24.0,1601676628356
0.0,0.0,5.422,24.0,1601676628426
0.0,0.0,5.411,24.0,1601676628496
0.0,0.0,5.411,24.0,1601676628565
0.0,0.0,5.422,24.0,1601676628643
0.0,0.0,5.422,24.0,1601676628705
0.0,0.0,5.432,24.0,1601676628775
0.0,0.0,5.432,24.0,1601676628845
0.0,0.0,5.442,24.0,1601676628927
0.0,0.0,5.453,24.0,1601676628986
35.163333892822266,139.61380004882812,5.453,24.0,1601676628990
0.0,0.0,5.463,24.0,1601676629321
0.0,0.0,5.463,24.0,1601676629372
0.0,0.0,5.474,24.0,1601676629375
0.0,0.0,5.474,24.0,1601676629383
0.0,0.0,5.484,24.0,1601676629387
0.0,0.0,5.484,24.0,1601676629405
0.0,0.0,5.484,24.0,1601676629475
0.0,0.0,5.484,24.0,1601676629547
0.0,0.0,5.494,24.0,1601676629618
0.0,0.0,5.494,24.0,1601676629685
0.0,0.0,5.494,24.0,1601676629759
0.0,0.0,5.494,24.0,1601676629837
0.0,0.0,5.494,24.0,1601676629895
0.0,0.0,5.494,24.0,1601676629965
0.0,0.0,5.505,24.0,1601676630106
0.0,0.0,5.505,24.0,1601676630175
0.0,0.0,5.505,24.0,1601676630690
35.16334915161133,139.61376953125,5.505,24.0,1601676630697
0.0,0.0,5.494,24.0,1601676631011
0.0,0.0,5.494,24.0,1601676631028
0.0,0.0,5.494,24.0,1601676631048
0.0,0.0,5.494,24.0,1601676631063
0.0,0.0,5.494,24.0,1601676631067
0.0,0.0,5.494,24.0,1601676631071
0.0,0.0,5.494,24.0,1601676631074
0.0,0.0,5.494,24.0,1601676631077
0.0,0.0,5.494,24.0,1601676631087
0.0,0.0,5.494,24.0,1601676631090
0.0,0.0,5.484,24.0,1601676631094
0.0,0.0,5.484,24.0,1601676631098
0.0,0.0,5.484,24.0,1601676631155
0.0,0.0,5.484,24.0,1601676631226
0.0,0.0,5.474,24.0,1601676631296
0.0,0.0,5.474,24.0,1601676631365
