0.0,0.0,5.349,16.2,1649542477720
0.0,0.0,5.349,16.2,1649542477785
0.0,0.0,5.349,16.2,1649542477854
0.0,0.0,5.349,16.2,1649542477926
0.0,0.0,5.349,16.2,1649542477999
0.0,0.0,5.349,16.2,1649542478067
0.0,0.0,5.349,16.2,1649542478140
35.16297149658203,139.6150665283203,5.349,16.2,1649542478140
0.0,0.0,5.359,16.2,1649542478205
0.0,0.0,5.359,16.2,1649542478274
0.0,0.0,5.359,16.2,1649542478347
0.0,0.0,5.37,16.2,1649542478413
0.0,0.0,5.38,16.2,1649542478485
0.0,0.0,5.38,16.2,1649542478641
0.0,0.0,5.38,16.2,1649542478653
0.0,0.0,5.38,16.2,1649542478696
0.0,0.0,5.38,16.2,1649542478787
0.0,0.0,5.38,16.2,1649542478834
0.0,0.0,5.39,16.2,1649542478904
0.0,0.0,5.39,16.2,1649542478975
0.0,0.0,5.39,16.2,1649542479046
0.0,0.0,5.39,16.2,1649542479112
0.0,0.0,5.401,16.2,1649542479181
0.0,0.0,5.401,16.2,1649542479252
0.0,0.0,5.39,16.2,1649542479325
0.0,0.0,5.39,16.2,1649542479458
0.0,0.0,5.401,16.2,1649542479467
0.0,0.0,5.401,16.2,1649542479540
0.0,0.0,5.401,16.2,1649542479608
0.0,0.0,5.401,16.2,1649542479695
0.0,0.0,5.411,16.2,1649542479746
0.0,0.0,5.411,16.2,1649542479814
0.0,0.0,5.411,16.2,1649542479883
0.0,0.0,5.401,16.2,1649542479954
0.0,0.0,5.401,16.2,1649542480027
0.0,0.0,5.401,16.2,1649542480094
0.0,0.0,5.39,16.2,1649542480165
0.0,0.0,5.39,16.2,1649542480243
0.0,0.0,5.39,16.2,1649542480324
0.0,0.0,5.38,16.2,1649542480410
0.0,0.0,5.38,16.2,1649542480450
0.0,0.0,5.39,16.2,1649542480520
0.0,0.0,5.39,16.2,1649542480598
0.0,0.0,5.401,16.2,1649542480688
0.0,0.0,5.401,16.2,1649542480730
0.0,0.0,5.401,16.2,1649542480799
0.0,0.0,5.401,16.2,1649542480871
0.0,0.0,5.411,16.2,1649542480952
0.0,0.0,5.411,16.2,1649542481044
0.0,0.0,5.411,16.2,1649542481079
0.0,0.0,5.411,16.2,1649542481144
0.0,0.0,5.422,16.2,1649542481221
0.0,0.0,5.422,16.2,1649542481284
0.0,0.0,5.422,16.2,1649542481356
0.0,0.0,5.422,16.2,1649542481426
0.0,0.0,5.422,16.2,1649542481512
0.0,0.0,5.422,16.2,1649542481585
0.0,0.0,5.422,16.2,1649542481658
0.0,0.0,5.422,16.2,1649542481709
0.0,0.0,5.411,16.2,1649542481776
0.0,0.0,5.401,16.2,1649542481844
0.0,0.0,5.39,16.2,1649542481918
0.0,0.0,5.39,16.2,1649542481985
0.0,0.0,5.39,16.2,1649542482057
0.0,0.0,5.38,16.2,1649542482126
0.0,0.0,5.37,16.2,1649542482198
0.0,0.0,5.359,16.2,1649542482270
0.0,0.0,5.359,16.2,1649542482335
0.0,0.0,5.359,16.2,1649542482406
0.0,0.0,5.359,16.2,1649542482475
0.0,0.0,5.359,16.2,1649542482547
0.0,0.0,5.359,16.2,1649542482619
0.0,0.0,5.37,16.2,1649542482689
0.0,0.0,5.37,16.2,1649542482755
0.0,0.0,5.37,16.2,1649542482833
0.0,0.0,5.37,16.2,1649542482902
0.0,0.0,5.37,16.2,1649542482968
0.0,0.0,5.37,16.2,1649542483035
0.0,0.0,5.38,16.2,1649542483107
0.0,0.0,5.38,16.2,1649542483178
0.0,0.0,5.38,16.2,1649542483266
0.0,0.0,5.38,16.2,1649542483315
0.0,0.0,5.39,16.2,1649542483385
0.0,0.0,5.39,16.2,1649542483456
0.0,0.0,5.39,16.2,1649542483528
0.0,0.0,5.39,16.2,1649542483606
0.0,0.0,5.39,16.2,1649542483670
0.0,0.0,5.39,16.2,1649542483737
0.0,0.0,5.39,16.2,1649542483804
0.0,0.0,5.39,16.2,1649542483875
0.0,0.0,5.38,16.2,1649542483943
0.0,0.0,5.38,16.2,1649542484015
0.0,0.0,5.38,16.2,1649542484084
0.0,0.0,5.38,16.2,1649542484155
0.0,0.0,5.38,16.2,1649542484232
0.0,0.0,5.39,16.2,1649542484315
0.0,0.0,5.39,16.2,1649542484368
0.0,0.0,5.39,16.2,1649542484447
0.0,0.0,5.401,16.2,1649542484526
0.0,0.0,5.401,16.2,1649542484583
0.0,0.0,5.401,16.2,1649542484651
0.0,0.0,5.39,16.2,1649542484716
0.0,0.0,5.39,16.2,1649542484812
0.0,0.0,5.38,16.2,1649542484886
0.0,0.0,5.37,16.2,1649542484928
0.0,0.0,5.37,16.2,1649542485035
0.0,0.0,5.37,16.2,1649542485066
0.0,0.0,5.37,16.2,1649542485155
0.0,0.0,5.359,16.2,1649542485206
0.0,0.0,5.349,16.2,1649542485277
0.0,0.0,5.338,16.2,1649542485351
0.0,0.0,5.338,16.2,1649542485427
0.0,0.0,5.338,16.2,1649542485516
0.0,0.0,5.349,16.2,1649542485590
0.0,0.0,5.349,16.2,1649542485627
0.0,0.0,5.338,16.2,1649542485694
0.0,0.0,5.349,16.2,1649542485767
0.0,0.0,5.349,16.2,1649542485839
0.0,0.0,5.349,16.2,1649542485907
0.0,0.0,5.359,16.2,1649542485976
0.0,0.0,5.37,16.2,1649542486048
0.0,0.0,5.37,16.2,1649542486115
0.0,0.0,5.38,16.2,1649542486186
0.0,0.0,5.38,16.2,1649542486288
0.0,0.0,5.38,16.2,1649542486328
0.0,0.0,5.39,16.2,1649542486396
0.0,0.0,5.39,16.2,1649542486469
0.0,0.0,5.401,16.2,1649542486539
0.0,0.0,5.401,16.2,1649542486611
0.0,0.0,5.401,16.2,1649542486679
0.0,0.0,5.401,16.2,1649542486746
0.0,0.0,5.401,16.2,1649542486819
0.0,0.0,5.401,16.2,1649542486887
0.0,0.0,5.401,16.2,1649542486958
0.0,0.0,5.401,16.2,1649542487028
0.0,0.0,5.401,16.2,1649542487097
0.0,0.0,5.39,16.2,1649542487172
0.0,0.0,5.401,16.2,1649542487259
0.0,0.0,5.39,16.2,1649542487306
0.0,0.0,5.39,16.2,1649542487376
0.0,0.0,5.39,16.2,1649542487446
0.0,0.0,5.401,16.2,1649542487516
0.0,0.0,5.39,16.2,1649542487600
0.0,0.0,5.39,16.2,1649542487658
0.0,0.0,5.39,16.2,1649542487747
0.0,0.0,5.401,16.2,1649542487796
0.0,0.0,5.401,16.2,1649542487867
0.0,0.0,5.401,16.2,1649542487938
0.0,0.0,5.401,16.2,1649542488009
0.0,0.0,5.401,16.2,1649542488077
0.0,0.0,5.401,16.2,1649542488149
0.0,0.0,5.401,16.2,1649542488230
0.0,0.0,5.401,16.2,1649542488295
0.0,0.0,5.39,16.2,1649542488358
0.0,0.0,5.39,16.2,1649542488427
0.0,0.0,5.39,16.2,1649542488518
0.0,0.0,5.39,16.2,1649542488567
0.0,0.0,5.38,16.2,1649542488637
0.0,0.0,5.38,16.2,1649542488706
0.0,0.0,5.38,16.2,1649542488788
0.0,0.0,5.39,16.2,1649542488877
0.0,0.0,5.39,16.2,1649542488931
0.0,0.0,5.39,16.2,1649542488997
0.0,0.0,5.39,16.2,1649542489058
0.0,0.0,5.39,16.2,1649542489148
0.0,0.0,5.38,16.2,1649542489198
0.0,0.0,5.38,16.2,1649542489268
0.0,0.0,5.38,16.2,1649542489341
0.0,0.0,5.38,16.2,1649542489408
0.0,0.0,5.39,16.2,1649542489480
0.0,0.0,5.39,16.2,1649542489549
0.0,0.0,5.39,16.2,1649542489625
0.0,0.0,5.39,16.2,1649542489702
0.0,0.0,5.39,16.2,1649542489756
0.0,0.0,5.39,16.2,1649542489827
0.0,0.0,5.39,16.2,1649542489896
0.0,0.0,5.39,16.2,1649542489968
0.0,0.0,5.39,16.2,1649542490037
0.0,0.0,5.38,16.2,1649542490131
0.0,0.0,5.39,16.2,1649542490181
0.0,0.0,5.39,16.2,1649542490245
0.0,0.0,5.39,16.2,1649542490318
0.0,0.0,5.39,16.2,1649542490385
0.0,0.0,5.39,16.2,1649542490458
0.0,0.0,5.39,16.2,1649542490543
0.0,0.0,5.39,16.2,1649542490597
0.0,0.0,5.38,16.2,1649542490666
0.0,0.0,5.38,16.2,1649542490739
0.0,0.0,5.38,16.2,1649542490827
0.0,0.0,5.37,16.2,1649542490892
0.0,0.0,5.37,16.2,1649542490959
0.0,0.0,5.359,16.2,1649542491018
0.0,0.0,5.349,16.2,1649542491088
0.0,0.0,5.349,16.2,1649542491161
0.0,0.0,5.349,16.2,1649542491228
0.0,0.0,5.328,16.2,1649542491304
0.0,0.0,5.328,16.2,1649542491371
0.0,0.0,5.328,16.2,1649542491441
0.0,0.0,5.328,16.2,1649542491514
0.0,0.0,5.317,16.2,1649542491581
0.0,0.0,5.317,16.2,1649542491646
0.0,0.0,5.317,16.2,1649542491724
0.0,0.0,5.317,16.2,1649542491787
0.0,0.0,5.317,16.2,1649542491866
0.0,0.0,5.328,16.2,1649542491936
0.0,0.0,5.328,16.2,1649542491998
0.0,0.0,5.328,16.2,1649542492067
0.0,0.0,5.328,16.2,1649542492138
0.0,0.0,5.328,16.2,1649542492207
0.0,0.0,5.328,16.2,1649542492276
0.0,0.0,5.338,16.2,1649542492351
0.0,0.0,5.338,16.2,1649542492423
0.0,0.0,5.349,16.2,1649542492489
0.0,0.0,5.349,16.2,1649542492559
0.0,0.0,5.349,16.2,1649542492628
0.0,0.0,5.349,16.2,1649542492698
0.0,0.0,5.349,16.2,1649542492771
0.0,0.0,5.349,16.2,1649542492841
0.0,0.0,5.349,16.2,1649542492912
0.0,0.0,5.349,16.2,1649542493000
0.0,0.0,5.338,16.2,1649542493051
0.0,0.0,5.338,16.2,1649542493120
0.0,0.0,5.349,16.2,1649542493193
0.0,0.0,5.338,16.2,1649542493270
0.0,0.0,5.349,16.2,1649542493359
0.0,0.0,5.349,16.2,1649542493407
0.0,0.0,5.338,16.2,1649542493472
0.0,0.0,5.349,16.2,1649542493540
0.0,0.0,5.349,16.2,1649542493629
0.0,0.0,5.349,16.2,1649542493680
0.0,0.0,5.349,16.2,1649542493753
0.0,0.0,5.349,16.2,1649542493820
0.0,0.0,5.349,16.2,1649542493890
0.0,0.0,5.37,16.2,1649542493962
0.0,0.0,5.359,16.2,1649542494031
0.0,0.0,5.359,16.2,1649542494104
0.0,0.0,5.359,16.2,1649542494174
0.0,0.0,5.359,16.2,1649542494240
0.0,0.0,5.359,16.2,1649542494309
0.0,0.0,5.359,16.2,1649542494380
0.0,0.0,5.359,16.2,1649542494451
0.0,0.0,5.359,16.2,1649542494522
0.0,0.0,5.359,16.2,1649542494590
0.0,0.0,5.349,16.2,1649542494660
0.0,0.0,5.349,16.2,1649542494738
0.0,0.0,5.349,16.2,1649542494803
0.0,0.0,5.349,16.2,1649542494870
0.0,0.0,5.349,16.2,1649542494944
0.0,0.0,5.349,16.2,1649542495009
0.0,0.0,5.349,16.2,1649542495080
0.0,0.0,5.338,16.2,1649542495159
35.16297912597656,139.61508178710938,5.338,16.2,1649542495159
0.0,0.0,5.328,16.2,1649542495219
0.0,0.0,5.328,16.2,1649542495293
0.0,0.0,5.317,16.2,1649542495362
0.0,0.0,5.317,16.2,1649542495433
0.0,0.0,5.317,16.2,1649542495503
0.0,0.0,5.317,16.2,1649542495573
0.0,0.0,5.317,16.2,1649542495642
0.0,0.0,5.317,16.2,1649542495712
0.0,0.0,5.317,16.2,1649542495783
0.0,0.0,5.307,16.2,1649542495853
0.0,0.0,5.307,16.2,1649542495930
0.0,0.0,5.317,16.2,1649542495992
0.0,0.0,5.328,16.2,1649542496063
0.0,0.0,5.338,16.2,1649542496135
0.0,0.0,5.338,16.2,1649542496202
0.0,0.0,5.349,16.2,1649542496271
0.0,0.0,5.359,16.2,1649542496342
0.0,0.0,5.37,16.2,1649542496411
0.0,0.0,5.38,16.2,1649542496512
0.0,0.0,5.38,16.2,1649542496549
0.0,0.0,5.39,16.2,1649542496622
0.0,0.0,5.39,16.2,1649542496695
0.0,0.0,5.39,16.2,1649542496786
0.0,0.0,5.39,16.2,1649542496836
0.0,0.0,5.38,16.2,1649542496902
0.0,0.0,5.37,16.2,1649542496969
0.0,0.0,5.37,16.2,1649542497059
0.0,0.0,5.37,16.2,1649542497148
0.0,0.0,5.37,16.2,1649542497187
0.0,0.0,5.359,16.2,1649542497254
0.0,0.0,5.359,16.2,1649542497331
0.0,0.0,5.349,16.2,1649542497416
0.0,0.0,5.338,16.2,1649542497462
0.0,0.0,5.338,16.2,1649542497533
0.0,0.0,5.349,16.2,1649542497600
0.0,0.0,5.349,16.2,1649542497671
0.0,0.0,5.349,16.2,1649542497744
0.0,0.0,5.349,16.2,1649542497812
0.0,0.0,5.349,16.2,1649542497883
0.0,0.0,5.349,16.2,1649542497951
0.0,0.0,5.349,16.2,1649542498024
0.0,0.0,5.349,16.2,1649542498095
0.0,0.0,5.349,16.2,1649542498166
35.162986755371094,139.61509704589844,5.349,16.2,1649542498166
0.0,0.0,5.359,16.2,1649542498230
0.0,0.0,5.37,16.2,1649542498302
0.0,0.0,5.349,16.2,1649542498372
0.0,0.0,5.349,16.2,1649542498440
0.0,0.0,5.349,16.2,1649542498511
0.0,0.0,5.359,16.2,1649542498586
0.0,0.0,5.359,16.2,1649542498657
0.0,0.0,5.359,16.2,1649542498725
0.0,0.0,5.349,16.2,1649542498794
0.0,0.0,5.349,16.2,1649542498863
0.0,0.0,5.359,16.2,1649542498934
0.0,0.0,5.349,16.2,1649542499002
0.0,0.0,5.349,16.2,1649542499077
0.0,0.0,5.349,16.2,1649542499144
0.0,0.0,5.349,16.2,1649542499211
0.0,0.0,5.338,16.2,1649542499282
0.0,0.0,5.338,16.2,1649542499353
0.0,0.0,5.338,16.2,1649542499422
0.0,0.0,5.338,16.2,1649542499490
0.0,0.0,5.349,16.2,1649542499561
0.0,0.0,5.349,16.2,1649542499632
0.0,0.0,5.38,16.2,1649542499707
0.0,0.0,5.38,16.2,1649542499777
0.0,0.0,5.38,16.2,1649542499843
0.0,0.0,5.411,16.2,1649542499911
0.0,0.0,5.411,16.0,1649542499986
0.0,0.0,5.411,16.0,1649542500057
0.0,0.0,5.411,16.0,1649542500124
35.16299057006836,139.6151123046875,5.411,16.0,1649542500124
0.0,0.0,5.411,16.0,1649542500193
0.0,0.0,5.411,16.0,1649542500264
0.0,0.0,5.411,16.0,1649542500334
0.0,0.0,5.401,16.0,1649542500404
0.0,0.0,5.39,16.0,1649542500476
0.0,0.0,5.37,16.0,1649542500545
0.0,0.0,5.349,16.0,1649542500613
0.0,0.0,5.349,16.0,1649542500686
0.0,0.0,5.307,16.0,1649542500753
0.0,0.0,5.307,16.0,1649542500824
0.0,0.0,5.307,16.0,1649542500916
0.0,0.0,5.317,16.0,1649542500963
0.0,0.0,5.307,16.0,1649542501035
0.0,0.0,5.307,16.0,1649542501104
0.0,0.0,5.328,16.0,1649542501189
0.0,0.0,5.317,16.0,1649542501274
0.0,0.0,5.338,16.0,1649542501310
0.0,0.0,5.349,16.0,1649542501387
0.0,0.0,5.37,16.0,1649542501452
0.0,0.0,5.37,16.0,1649542501542
0.0,0.0,5.401,16.0,1649542501591
0.0,0.0,5.411,16.0,1649542501664
0.0,0.0,5.411,16.0,1649542501731
0.0,0.0,5.401,16.0,1649542501804
0.0,0.0,5.411,16.0,1649542501876
0.0,0.0,5.401,16.0,1649542501948
0.0,0.0,5.39,16.0,1649542502017
0.0,0.0,5.39,16.0,1649542502085
0.0,0.0,5.39,16.0,1649542502156
0.0,0.0,5.38,16.0,1649542502229
0.0,0.0,5.37,16.0,1649542502298
0.0,0.0,5.38,16.0,1649542502366
0.0,0.0,5.38,16.0,1649542502434
0.0,0.0,5.38,16.0,1649542502504
0.0,0.0,5.38,16.0,1649542502573
0.0,0.0,5.38,16.0,1649542502647
0.0,0.0,5.38,16.0,1649542502715
0.0,0.0,5.39,16.0,1649542502789
0.0,0.0,5.39,16.0,1649542502853
0.0,0.0,5.39,16.0,1649542502928
0.0,0.0,5.401,16.0,1649542502997
0.0,0.0,5.411,16.0,1649542503068
0.0,0.0,5.411,16.0,1649542503143
35.162994384765625,139.61512756347656,5.411,16.0,1649542503143
0.0,0.0,5.39,16.0,1649542503205
0.0,0.0,5.39,16.0,1649542503275
0.0,0.0,5.401,16.0,1649542503346
0.0,0.0,5.401,16.0,1649542503416
0.0,0.0,5.39,16.0,1649542503485
0.0,0.0,5.401,16.0,1649542503555
0.0,0.0,5.401,16.0,1649542503625
0.0,0.0,5.411,16.0,1649542503696
0.0,0.0,5.422,16.0,1649542503766
0.0,0.0,5.411,16.0,1649542503837
0.0,0.0,5.432,16.0,1649542503904
0.0,0.0,5.442,16.0,1649542503977
0.0,0.0,5.453,16.0,1649542504046
0.0,0.0,5.474,16.0,1649542504114
0.0,0.0,5.474,16.0,1649542504186
0.0,0.0,5.474,16.0,1649542504253
0.0,0.0,5.526,16.0,1649542504325
0.0,0.0,5.546,16.0,1649542504393
0.0,0.0,5.536,16.0,1649542504476
0.0,0.0,5.536,16.0,1649542504536
0.0,0.0,5.526,16.0,1649542504609
0.0,0.0,5.536,16.0,1649542504678
0.0,0.0,5.515,16.0,1649542504744
0.0,0.0,5.515,16.0,1649542504827
0.0,0.0,5.494,16.0,1649542504910
0.0,0.0,5.494,16.0,1649542504956
0.0,0.0,5.484,16.0,1649542505029
0.0,0.0,5.494,16.0,1649542505098
35.16300582885742,139.61514282226562,5.494,16.0,1649542505098
0.0,0.0,5.453,16.0,1649542505180
0.0,0.0,5.422,16.0,1649542505267
0.0,0.0,5.432,16.0,1649542505306
0.0,0.0,5.442,16.0,1649542505374
0.0,0.0,5.442,16.0,1649542505448
0.0,0.0,5.442,16.0,1649542505540
0.0,0.0,5.453,16.0,1649542505584
0.0,0.0,5.453,16.0,1649542505658
0.0,0.0,5.463,16.0,1649542505729
0.0,0.0,5.463,16.0,1649542505796
0.0,0.0,5.463,16.0,1649542505865
0.0,0.0,5.453,16.0,1649542505940
0.0,0.0,5.463,16.0,1649542506008
0.0,0.0,5.463,16.0,1649542506077
0.0,0.0,5.453,16.0,1649542506148
0.0,0.0,5.453,16.0,1649542506216
0.0,0.0,5.432,16.0,1649542506286
0.0,0.0,5.432,16.0,1649542506357
0.0,0.0,5.422,16.0,1649542506427
0.0,0.0,5.422,16.0,1649542506495
0.0,0.0,5.411,16.0,1649542506574
0.0,0.0,5.411,16.0,1649542506637
0.0,0.0,5.422,16.0,1649542506706
0.0,0.0,5.422,16.0,1649542506779
0.0,0.0,5.442,16.0,1649542506846
0.0,0.0,5.453,16.0,1649542506917
0.0,0.0,5.463,16.0,1649542506989
0.0,0.0,5.484,16.0,1649542507055
0.0,0.0,5.484,16.0,1649542507143
35.16301727294922,139.61514282226562,5.484,16.0,1649542507143
0.0,0.0,5.505,16.0,1649542507194
0.0,0.0,5.515,16.0,1649542507265
0.0,0.0,5.515,16.0,1649542507337
0.0,0.0,5.526,16.0,1649542507406
0.0,0.0,5.536,16.0,1649542507479
0.0,0.0,5.536,16.0,1649542507550
0.0,0.0,5.536,16.0,1649542507617
0.0,0.0,5.546,16.0,1649542507689
0.0,0.0,5.557,16.0,1649542507758
0.0,0.0,5.546,16.0,1649542507832
0.0,0.0,5.536,16.0,1649542507898
0.0,0.0,5.546,16.0,1649542507969
0.0,0.0,5.546,16.0,1649542508038
0.0,0.0,5.536,16.0,1649542508105
0.0,0.0,5.536,16.0,1649542508176
0.0,0.0,5.536,16.0,1649542508247
0.0,0.0,5.536,16.0,1649542508318
0.0,0.0,5.536,16.0,1649542508387
0.0,0.0,5.536,16.0,1649542508455
0.0,0.0,5.536,16.0,1649542508527
0.0,0.0,5.526,16.0,1649542508593
0.0,0.0,5.526,16.0,1649542508667
0.0,0.0,5.515,16.0,1649542508737
0.0,0.0,5.526,16.0,1649542508806
0.0,0.0,5.526,16.0,1649542508888
0.0,0.0,5.526,16.0,1649542508980
0.0,0.0,5.526,16.0,1649542509020
0.0,0.0,5.536,16.0,1649542509086
0.0,0.0,5.546,16.0,1649542509163
35.16302490234375,139.61514282226562,5.546,16.0,1649542509163
0.0,0.0,5.557,16.0,1649542509244
0.0,0.0,5.567,16.0,1649542509299
0.0,0.0,5.578,16.0,1649542509367
0.0,0.0,5.588,16.0,1649542509437
0.0,0.0,5.588,16.0,1649542509516
0.0,0.0,5.609,16.0,1649542509608
0.0,0.0,5.609,16.0,1649542509661
0.0,0.0,5.619,16.0,1649542509726
0.0,0.0,5.619,16.0,1649542509802
0.0,0.0,5.619,16.0,1649542509859
0.0,0.0,5.619,16.0,1649542509927
0.0,0.0,5.619,16.0,1649542509999
0.0,0.0,5.609,16.0,1649542510067
0.0,0.0,5.609,16.0,1649542510138
0.0,0.0,5.598,16.0,1649542510222
0.0,0.0,5.598,16.0,1649542510328
0.0,0.0,5.588,16.0,1649542510346
0.0,0.0,5.588,16.0,1649542510448
0.0,0.0,5.578,16.0,1649542510491
0.0,0.0,5.578,16.0,1649542510567
0.0,0.0,5.567,16.0,1649542510630
0.0,0.0,5.567,16.0,1649542510730
0.0,0.0,5.567,16.0,1649542510771
0.0,0.0,5.567,16.0,1649542510853
0.0,0.0,5.557,16.0,1649542510949
0.0,0.0,5.557,16.0,1649542510982
0.0,0.0,5.567,16.0,1649542511073
0.0,0.0,5.567,16.0,1649542511167
35.16303634643555,139.6151580810547,5.567,16.0,1649542511167
0.0,0.0,5.567,16.0,1649542511186
0.0,0.0,5.567,16.0,1649542511261
0.0,0.0,5.557,16.0,1649542511329
0.0,0.0,5.557,16.0,1649542511398
0.0,0.0,5.557,16.0,1649542511468
0.0,0.0,5.546,16.0,1649542511557
0.0,0.0,5.546,16.0,1649542511607
0.0,0.0,5.546,16.0,1649542511678
0.0,0.0,5.557,16.0,1649542511748
0.0,0.0,5.557,16.0,1649542511822
0.0,0.0,5.546,16.0,1649542511895
0.0,0.0,5.546,16.0,1649542511958
0.0,0.0,5.546,16.0,1649542512032
0.0,0.0,5.557,16.0,1649542512099
0.0,0.0,5.557,16.0,1649542512172
0.0,0.0,5.567,16.0,1649542512239
0.0,0.0,5.567,16.0,1649542512307
0.0,0.0,5.578,16.0,1649542512378
0.0,0.0,5.578,16.0,1649542512453
0.0,0.0,5.588,16.0,1649542512519
0.0,0.0,5.598,16.0,1649542512590
0.0,0.0,5.598,16.0,1649542512657
0.0,0.0,5.609,16.0,1649542512729
0.0,0.0,5.609,16.0,1649542512801
0.0,0.0,5.609,16.0,1649542512886
0.0,0.0,5.619,16.0,1649542512940
0.0,0.0,5.619,16.0,1649542513010
0.0,0.0,5.619,16.0,1649542513085
0.0,0.0,5.63,16.0,1649542513156
0.0,0.0,5.63,16.0,1649542513246
0.0,0.0,5.619,16.0,1649542513288
0.0,0.0,5.619,16.0,1649542513360
0.0,0.0,5.609,16.0,1649542513432
0.0,0.0,5.619,16.0,1649542513516
0.0,0.0,5.609,16.0,1649542513650
0.0,0.0,5.609,16.0,1649542513709
0.0,0.0,5.598,16.0,1649542513779
0.0,0.0,5.588,16.0,1649542513853
0.0,0.0,5.588,16.0,1649542513923
0.0,0.0,5.567,16.0,1649542513992
0.0,0.0,5.557,16.0,1649542514060
0.0,0.0,5.557,16.0,1649542514131
0.0,0.0,5.557,16.0,1649542514200
0.0,0.0,5.546,16.0,1649542514273
0.0,0.0,5.546,16.0,1649542514341
0.0,0.0,5.557,16.0,1649542514410
0.0,0.0,5.557,16.0,1649542514481
0.0,0.0,5.557,16.0,1649542514554
0.0,0.0,5.567,16.0,1649542514622
0.0,0.0,5.578,16.0,1649542514692
0.0,0.0,5.578,16.0,1649542514762
0.0,0.0,5.588,16.0,1649542514832
0.0,0.0,5.588,16.0,1649542514901
0.0,0.0,5.598,16.0,1649542514972
0.0,0.0,5.598,16.0,1649542515041
0.0,0.0,5.588,16.0,1649542515114
35.16304397583008,139.61517333984375,5.588,16.0,1649542515114
0.0,0.0,5.598,16.0,1649542515179
0.0,0.0,5.588,16.0,1649542515247
0.0,0.0,5.588,16.0,1649542515323
0.0,0.0,5.588,16.0,1649542515393
0.0,0.0,5.588,16.0,1649542515464
0.0,0.0,5.588,16.0,1649542515534
0.0,0.0,5.588,16.0,1649542515601
0.0,0.0,5.578,16.0,1649542515672
0.0,0.0,5.578,16.0,1649542515740
0.0,0.0,5.578,16.0,1649542515807
0.0,0.0,5.578,16.0,1649542515881
0.0,0.0,5.567,16.0,1649542515953
0.0,0.0,5.567,16.0,1649542516021
0.0,0.0,5.567,16.0,1649542516093
0.0,0.0,5.578,16.0,1649542516163
0.0,0.0,5.588,16.0,1649542516232
0.0,0.0,5.588,16.0,1649542516302
0.0,0.0,5.588,16.0,1649542516368
0.0,0.0,5.598,16.0,1649542516443
0.0,0.0,5.598,16.0,1649542516510
0.0,0.0,5.609,16.0,1649542516577
0.0,0.0,5.619,16.0,1649542516650
0.0,0.0,5.619,16.0,1649542516721
0.0,0.0,5.63,16.0,1649542516792
0.0,0.0,5.64,16.0,1649542516861
0.0,0.0,5.651,16.0,1649542516930
0.0,0.0,5.651,16.0,1649542517003
0.0,0.0,5.661,16.0,1649542517069
0.0,0.0,5.661,16.0,1649542517149
0.0,0.0,5.661,16.0,1649542517242
0.0,0.0,5.661,16.0,1649542517283
0.0,0.0,5.671,16.0,1649542517349
0.0,0.0,5.671,16.0,1649542517422
0.0,0.0,5.661,16.0,1649542517507
0.0,0.0,5.661,16.0,1649542517594
0.0,0.0,5.651,16.0,1649542517630
0.0,0.0,5.64,16.0,1649542517700
0.0,0.0,5.63,16.0,1649542517775
0.0,0.0,5.63,16.0,1649542517864
0.0,0.0,5.619,16.0,1649542517916
0.0,0.0,5.619,16.0,1649542517982
0.0,0.0,5.609,16.0,1649542518049
0.0,0.0,5.609,16.0,1649542518121
0.0,0.0,5.609,16.0,1649542518195
0.0,0.0,5.598,16.0,1649542518262
0.0,0.0,5.598,16.0,1649542518332
0.0,0.0,5.619,16.0,1649542518404
0.0,0.0,5.609,16.0,1649542518476
0.0,0.0,5.619,16.0,1649542518543
0.0,0.0,5.619,16.0,1649542518613
0.0,0.0,5.63,16.0,1649542518682
0.0,0.0,5.63,16.0,1649542518754
0.0,0.0,5.64,16.0,1649542518823
0.0,0.0,5.619,16.0,1649542518893
0.0,0.0,5.619,16.0,1649542518965
0.0,0.0,5.63,16.0,1649542519036
0.0,0.0,5.63,16.0,1649542519103
0.0,0.0,5.619,16.0,1649542519172
0.0,0.0,5.609,16.0,1649542519242
0.0,0.0,5.609,16.0,1649542519312
0.0,0.0,5.619,16.0,1649542519385
0.0,0.0,5.619,16.0,1649542519455
0.0,0.0,5.63,16.0,1649542519522
0.0,0.0,5.619,16.0,1649542519594
0.0,0.0,5.63,16.0,1649542519664
0.0,0.0,5.64,16.0,1649542519735
0.0,0.0,5.651,16.0,1649542519803
0.0,0.0,5.651,16.0,1649542519873
0.0,0.0,5.661,16.0,1649542519944
0.0,0.0,5.661,16.0,1649542520014
0.0,0.0,5.682,16.0,1649542520085
0.0,0.0,5.692,16.0,1649542520153
0.0,0.0,5.692,16.0,1649542520224
0.0,0.0,5.692,16.0,1649542520298
0.0,0.0,5.682,16.0,1649542520363
0.0,0.0,5.682,16.0,1649542520434
0.0,0.0,5.682,16.0,1649542520502
0.0,0.0,5.682,16.0,1649542520573
0.0,0.0,5.671,16.0,1649542520643
0.0,0.0,5.671,16.0,1649542520713
0.0,0.0,5.661,16.0,1649542520783
0.0,0.0,5.661,16.0,1649542520854
0.0,0.0,5.661,16.0,1649542520925
0.0,0.0,5.651,16.0,1649542520994
0.0,0.0,5.651,16.0,1649542521081
0.0,0.0,5.651,16.0,1649542521133
0.0,0.0,5.661,16.0,1649542521204
0.0,0.0,5.671,16.0,1649542521275
0.0,0.0,5.661,16.0,1649542521347
0.0,0.0,5.671,16.0,1649542521440
0.0,0.0,5.682,16.0,1649542521483
0.0,0.0,5.671,16.0,1649542521554
0.0,0.0,5.682,16.0,1649542521623
0.0,0.0,5.661,16.0,1649542521708
0.0,0.0,5.661,16.0,1649542521798
0.0,0.0,5.661,16.0,1649542521836
0.0,0.0,5.661,16.0,1649542521903
0.0,0.0,5.661,16.0,1649542521976
0.0,0.0,5.661,16.0,1649542522043
0.0,0.0,5.651,16.0,1649542522114
0.0,0.0,5.64,16.0,1649542522183
0.0,0.0,5.64,16.0,1649542522252
0.0,0.0,5.651,16.0,1649542522321
0.0,0.0,5.651,16.0,1649542522398
0.0,0.0,5.661,16.0,1649542522469
0.0,0.0,5.671,16.0,1649542522534
0.0,0.0,5.682,16.0,1649542522603
0.0,0.0,5.692,16.0,1649542522681
0.0,0.0,5.703,16.0,1649542522747
0.0,0.0,5.713,16.0,1649542522813
0.0,0.0,5.723,16.0,1649542522883
0.0,0.0,5.734,16.0,1649542522953
0.0,0.0,5.744,16.0,1649542523025
0.0,0.0,5.734,16.0,1649542523093
0.0,0.0,5.734,16.0,1649542523165
0.0,0.0,5.723,16.0,1649542523234
0.0,0.0,5.713,16.0,1649542523303
0.0,0.0,5.713,16.0,1649542523376
0.0,0.0,5.703,16.0,1649542523445
0.0,0.0,5.703,16.0,1649542523514
0.0,0.0,5.682,16.0,1649542523588
0.0,0.0,5.682,16.0,1649542523654
0.0,0.0,5.692,16.0,1649542523723
0.0,0.0,5.692,16.0,1649542523796
0.0,0.0,5.682,16.0,1649542523863
0.0,0.0,5.692,16.0,1649542523933
0.0,0.0,5.692,16.0,1649542524007
0.0,0.0,5.692,16.0,1649542524074
0.0,0.0,5.713,16.0,1649542524142
0.0,0.0,5.713,16.0,1649542524215
0.0,0.0,5.723,16.0,1649542524285
0.0,0.0,5.723,16.0,1649542524355
0.0,0.0,5.744,16.0,1649542524424
0.0,0.0,5.744,16.0,1649542524500
0.0,0.0,5.744,16.0,1649542524576
0.0,0.0,5.744,16.0,1649542524635
0.0,0.0,5.734,16.0,1649542524703
0.0,0.0,5.723,16.0,1649542524802
0.0,0.0,5.723,16.0,1649542524844
0.0,0.0,5.713,16.0,1649542524914
0.0,0.0,5.713,16.0,1649542524985
0.0,0.0,5.692,16.0,1649542525054
0.0,0.0,5.692,16.0,1649542525123
0.0,0.0,5.682,16.0,1649542525194
0.0,0.0,5.682,16.0,1649542525264
0.0,0.0,5.682,16.0,1649542525337
0.0,0.0,5.682,16.0,1649542525405
0.0,0.0,5.682,16.0,1649542525473
0.0,0.0,5.682,16.0,1649542525543
0.0,0.0,5.692,16.0,1649542525612
0.0,0.0,5.703,16.0,1649542525704
0.0,0.0,5.713,16.0,1649542525753
0.0,0.0,5.713,16.0,1649542525824
0.0,0.0,5.723,16.0,1649542525892
0.0,0.0,5.723,16.0,1649542525973
0.0,0.0,5.734,16.0,1649542526062
0.0,0.0,5.734,16.0,1649542526103
0.0,0.0,5.734,16.0,1649542526175
0.0,0.0,5.734,16.0,1649542526242
0.0,0.0,5.744,16.0,1649542526335
0.0,0.0,5.744,16.0,1649542526386
0.0,0.0,5.734,16.0,1649542526452
0.0,0.0,5.734,16.0,1649542526525
0.0,0.0,5.723,16.0,1649542526594
0.0,0.0,5.713,16.0,1649542526664
0.0,0.0,5.723,16.0,1649542526733
0.0,0.0,5.723,16.0,1649542526803
0.0,0.0,5.723,16.0,1649542526873
0.0,0.0,5.723,16.0,1649542526947
0.0,0.0,5.734,16.0,1649542527016
0.0,0.0,5.734,16.0,1649542527086
0.0,0.0,5.744,16.0,1649542527154
0.0,0.0,5.755,16.0,1649542527224
0.0,0.0,5.755,16.0,1649542527298
0.0,0.0,5.765,16.0,1649542527365
0.0,0.0,5.765,16.0,1649542527434
0.0,0.0,5.765,16.0,1649542527504
0.0,0.0,5.765,16.0,1649542527574
0.0,0.0,5.744,16.0,1649542527646
0.0,0.0,5.744,16.0,1649542527714
0.0,0.0,5.734,16.0,1649542527783
0.0,0.0,5.723,16.0,1649542527852
0.0,0.0,5.723,16.0,1649542527925
0.0,0.0,5.713,16.0,1649542527996
0.0,0.0,5.703,16.0,1649542528067
0.0,0.0,5.703,16.0,1649542528135
0.0,0.0,5.703,16.0,1649542528205
0.0,0.0,5.692,16.0,1649542528275
0.0,0.0,5.703,16.0,1649542528343
0.0,0.0,5.703,16.0,1649542528484
0.0,0.0,5.713,16.0,1649542528488
0.0,0.0,5.723,16.0,1649542528553
0.0,0.0,5.723,16.0,1649542528626
0.0,0.0,5.734,16.0,1649542528695
0.0,0.0,5.744,16.0,1649542528766
0.0,0.0,5.744,16.0,1649542528835
0.0,0.0,5.744,16.0,1649542528903
0.0,0.0,5.744,16.0,1649542528977
0.0,0.0,5.744,16.0,1649542529044
0.0,0.0,5.734,16.0,1649542529116
0.0,0.0,5.734,16.0,1649542529184
0.0,0.0,5.723,16.0,1649542529253
0.0,0.0,5.723,16.0,1649542529324
0.0,0.0,5.713,16.0,1649542529394
0.0,0.0,5.703,16.0,1649542529467
0.0,0.0,5.692,16.0,1649542529536
0.0,0.0,5.692,16.0,1649542529603
0.0,0.0,5.692,16.0,1649542529674
0.0,0.0,5.692,16.0,1649542529759
0.0,0.0,5.692,16.0,1649542529849
0.0,0.0,5.692,16.0,1649542529886
0.0,0.0,5.703,16.0,1649542529953
0.0,0.0,5.713,16.0,1649542530028
0.0,0.0,5.713,16.0,1649542530115
0.0,0.0,5.713,16.0,1649542530218
0.0,0.0,5.713,16.0,1649542530234
0.0,0.0,5.713,16.0,1649542530362
0.0,0.0,5.723,16.0,1649542530374
0.0,0.0,5.723,16.0,1649542530524
0.0,0.0,5.723,16.0,1649542530527
0.0,0.0,5.723,16.0,1649542530626
0.0,0.0,5.713,16.0,1649542530656
0.0,0.0,5.713,16.0,1649542530743
0.0,0.0,5.723,16.0,1649542530797
0.0,0.0,5.723,16.0,1649542530912
0.0,0.0,5.734,16.0,1649542530932
0.0,0.0,5.734,16.0,1649542531026
0.0,0.0,5.723,16.0,1649542531143
0.0,0.0,5.734,16.0,1649542531243
0.0,0.0,5.744,16.0,1649542531282
0.0,0.0,5.744,16.0,1649542531357
0.0,0.0,5.744,16.0,1649542531425
0.0,0.0,5.744,16.0,1649542531521
0.0,0.0,5.744,16.0,1649542531561
0.0,0.0,5.755,16.0,1649542531640
0.0,0.0,5.744,16.0,1649542531738
0.0,0.0,5.744,16.0,1649542531770
0.0,0.0,5.734,16.0,1649542531848
0.0,0.0,5.734,16.0,1649542531912
0.0,0.0,5.723,16.0,1649542531984
0.0,0.0,5.723,16.0,1649542532054
0.0,0.0,5.723,16.0,1649542532123
0.0,0.0,5.713,16.0,1649542532192
0.0,0.0,5.713,16.0,1649542532270
0.0,0.0,5.713,16.0,1649542532337
0.0,0.0,5.713,16.0,1649542532406
0.0,0.0,5.703,16.0,1649542532474
0.0,0.0,5.713,16.0,1649542532543
0.0,0.0,5.713,16.0,1649542532619
0.0,0.0,5.723,16.0,1649542532686
0.0,0.0,5.723,16.0,1649542532757
0.0,0.0,5.744,16.0,1649542532823
0.0,0.0,5.755,16.0,1649542532894
0.0,0.0,5.755,16.0,1649542532964
0.0,0.0,5.765,16.0,1649542533033
0.0,0.0,5.765,16.0,1649542533104
0.0,0.0,5.775,16.0,1649542533174
0.0,0.0,5.775,16.0,1649542533247
0.0,0.0,5.775,16.0,1649542533315
0.0,0.0,5.775,16.0,1649542533408
0.0,0.0,5.765,16.0,1649542533456
0.0,0.0,5.755,16.0,1649542533524
0.0,0.0,5.755,16.0,1649542533597
0.0,0.0,5.755,16.0,1649542533671
0.0,0.0,5.744,16.0,1649542533761
0.0,0.0,5.734,16.0,1649542533804
0.0,0.0,5.723,16.0,1649542533871
0.0,0.0,5.723,16.0,1649542533945
0.0,0.0,5.713,16.0,1649542534035
0.0,0.0,5.713,16.0,1649542534083
0.0,0.0,5.713,16.0,1649542534154
0.0,0.0,5.713,16.0,1649542534224
0.0,0.0,5.713,16.0,1649542534303
0.0,0.0,5.723,16.0,1649542534388
0.0,0.0,5.723,16.0,1649542534435
0.0,0.0,5.723,16.0,1649542534504
0.0,0.0,5.734,16.0,1649542534575
0.0,0.0,5.734,16.0,1649542534648
0.0,0.0,5.744,16.0,1649542534712
0.0,0.0,5.744,16.0,1649542534783
0.0,0.0,5.744,16.0,1649542534855
0.0,0.0,5.755,16.0,1649542534925
0.0,0.0,5.755,16.0,1649542534996
0.0,0.0,5.744,16.0,1649542535062
0.0,0.0,5.744,16.0,1649542535136
0.0,0.0,5.744,16.0,1649542535203
0.0,0.0,5.744,16.0,1649542535274
0.0,0.0,5.744,16.0,1649542535344
0.0,0.0,5.744,16.0,1649542535415
0.0,0.0,5.744,16.0,1649542535482
0.0,0.0,5.734,16.0,1649542535553
0.0,0.0,5.734,16.0,1649542535625
0.0,0.0,5.734,16.0,1649542535697
0.0,0.0,5.734,16.0,1649542535763
0.0,0.0,5.734,16.0,1649542535835
0.0,0.0,5.734,16.0,1649542535905
0.0,0.0,5.734,16.0,1649542535974
0.0,0.0,5.734,16.0,1649542536043
0.0,0.0,5.734,16.0,1649542536115
0.0,0.0,5.734,16.0,1649542536183
0.0,0.0,5.734,16.0,1649542536255
0.0,0.0,5.734,16.0,1649542536324
0.0,0.0,5.744,16.0,1649542536393
0.0,0.0,5.744,16.0,1649542536466
0.0,0.0,5.744,16.0,1649542536533
0.0,0.0,5.734,16.0,1649542536603
0.0,0.0,5.744,16.0,1649542536673
0.0,0.0,5.734,16.0,1649542536743
0.0,0.0,5.734,16.0,1649542536816
0.0,0.0,5.734,16.0,1649542536883
0.0,0.0,5.744,16.0,1649542536955
0.0,0.0,5.744,16.0,1649542537026
0.0,0.0,5.755,16.0,1649542537092
0.0,0.0,5.765,16.0,1649542537163
0.0,0.0,5.765,16.0,1649542537233
0.0,0.0,5.786,16.0,1649542537305
0.0,0.0,5.775,16.0,1649542537375
0.0,0.0,5.775,16.0,1649542537444
0.0,0.0,5.786,16.0,1649542537514
0.0,0.0,5.796,16.0,1649542537581
0.0,0.0,5.817,16.0,1649542537654
0.0,0.0,5.817,16.0,1649542537725
0.0,0.0,5.827,16.0,1649542537807
0.0,0.0,5.827,16.0,1649542537863
0.0,0.0,5.817,16.0,1649542537941
0.0,0.0,5.807,16.0,1649542538004
0.0,0.0,5.817,16.0,1649542538083
0.0,0.0,5.807,16.0,1649542538179
35.163055419921875,139.6151580810547,5.807,16.0,1649542538179
0.0,0.0,5.807,16.0,1649542538213
0.0,0.0,5.807,16.0,1649542538285
0.0,0.0,5.817,16.0,1649542538354
0.0,0.0,5.817,16.0,1649542538442
0.0,0.0,5.807,16.0,1649542538498
0.0,0.0,5.807,16.0,1649542538562
0.0,0.0,5.796,16.0,1649542538632
0.0,0.0,5.796,16.0,1649542538704
0.0,0.0,5.807,16.0,1649542538771
0.0,0.0,5.807,16.0,1649542538843
0.0,0.0,5.796,16.0,1649542538916
0.0,0.0,5.796,16.0,1649542538987
0.0,0.0,5.796,16.0,1649542539054
0.0,0.0,5.807,16.0,1649542539123
0.0,0.0,5.786,16.0,1649542539193
0.0,0.0,5.775,16.0,1649542539263
0.0,0.0,5.786,16.0,1649542539332
0.0,0.0,5.786,16.0,1649542539406
0.0,0.0,5.786,16.0,1649542539473
0.0,0.0,5.786,16.0,1649542539545
0.0,0.0,5.786,16.0,1649542539613
0.0,0.0,5.796,16.0,1649542539683
0.0,0.0,5.807,16.0,1649542539755
0.0,0.0,5.817,16.0,1649542539824
0.0,0.0,5.807,16.0,1649542539895
0.0,0.0,5.827,16.0,1649542539963
0.0,0.0,5.838,16.0,1649542540033
0.0,0.0,5.848,16.0,1649542540104
35.16307067871094,139.6151580810547,5.848,16.0,1649542540104
0.0,0.0,5.859,16.0,1649542540172
0.0,0.0,5.869,16.0,1649542540240
0.0,0.0,5.879,16.0,1649542540313
0.0,0.0,5.879,16.0,1649542540384
0.0,0.0,5.89,16.0,1649542540453
0.0,0.0,5.9,16.0,1649542540523
0.0,0.0,5.9,16.0,1649542540597
0.0,0.0,5.9,16.0,1649542540663
0.0,0.0,5.911,16.0,1649542540733
0.0,0.0,5.911,16.0,1649542540802
0.0,0.0,5.921,16.0,1649542540877
0.0,0.0,5.911,16.0,1649542540944
0.0,0.0,5.911,16.0,1649542541017
0.0,0.0,5.9,16.0,1649542541088
0.0,0.0,5.921,16.0,1649542541158
35.163082122802734,139.6151580810547,5.921,16.0,1649542541158
0.0,0.0,5.911,16.0,1649542541220
0.0,0.0,5.9,16.0,1649542541294
0.0,0.0,5.89,16.0,1649542541363
0.0,0.0,5.869,16.0,1649542541432
0.0,0.0,5.879,16.0,1649542541501
0.0,0.0,5.869,16.0,1649542541574
0.0,0.0,5.859,16.0,1649542541643
0.0,0.0,5.848,16.0,1649542541713
0.0,0.0,5.838,16.0,1649542541781
0.0,0.0,5.827,16.0,1649542541873
0.0,0.0,5.827,16.0,1649542541926
0.0,0.0,5.827,16.0,1649542541997
0.0,0.0,5.848,16.0,1649542542063
0.0,0.0,5.848,16.0,1649542542142
0.0,0.0,5.838,16.0,1649542542233
0.0,0.0,5.859,16.0,1649542542274
0.0,0.0,5.859,16.0,1649542542344
0.0,0.0,5.859,16.0,1649542542411
0.0,0.0,5.859,16.0,1649542542502
0.0,0.0,5.869,16.0,1649542542551
0.0,0.0,5.869,16.0,1649542542622
0.0,0.0,5.89,16.0,1649542542693
0.0,0.0,5.9,16.0,1649542542765
0.0,0.0,5.9,16.0,1649542542836
0.0,0.0,5.879,16.0,1649542542931
0.0,0.0,5.869,16.0,1649542542978
0.0,0.0,5.869,16.0,1649542543043
0.0,0.0,5.859,16.0,1649542543113
35.1630973815918,139.61514282226562,5.859,16.0,1649542543113
0.0,0.0,5.869,16.0,1649542543182
0.0,0.0,5.879,16.0,1649542543252
0.0,0.0,5.89,16.0,1649542543325
0.0,0.0,5.89,16.0,1649542543394
0.0,0.0,5.911,16.0,1649542543462
0.0,0.0,5.911,16.0,1649542543537
0.0,0.0,5.9,16.0,1649542543603
0.0,0.0,5.911,16.0,1649542543676
0.0,0.0,5.921,16.0,1649542543743
0.0,0.0,5.931,16.0,1649542543813
0.0,0.0,5.942,16.0,1649542543886
0.0,0.0,5.963,16.0,1649542543955
0.0,0.0,5.963,16.0,1649542544023
0.0,0.0,5.952,16.0,1649542544094
0.0,0.0,5.942,16.0,1649542544163
0.0,0.0,5.942,16.0,1649542544230
0.0,0.0,5.931,16.0,1649542544305
0.0,0.0,5.942,16.0,1649542544373
0.0,0.0,5.952,16.0,1649542544520
0.0,0.0,5.963,16.0,1649542544522
0.0,0.0,5.994,16.0,1649542544581
0.0,0.0,6.036,16.0,1649542544654
0.0,0.0,6.046,16.0,1649542544726
0.0,0.0,6.077,16.0,1649542544795
0.0,0.0,6.098,16.0,1649542544865
0.0,0.0,6.108,16.0,1649542544936
0.0,0.0,6.129,16.0,1649542545007
0.0,0.0,6.15,16.0,1649542545073
0.0,0.0,6.15,16.0,1649542545156
35.16311264038086,139.61514282226562,6.15,16.0,1649542545156
0.0,0.0,6.181,16.0,1649542545216
0.0,0.0,6.192,16.0,1649542545285
0.0,0.0,6.192,16.0,1649542545354
0.0,0.0,6.192,16.0,1649542545427
0.0,0.0,6.181,16.0,1649542545495
0.0,0.0,6.171,16.0,1649542545570
0.0,0.0,6.15,16.0,1649542545640
0.0,0.0,6.14,16.0,1649542545700
0.0,0.0,6.15,16.0,1649542545775
0.0,0.0,6.14,16.0,1649542545854
0.0,0.0,6.129,16.0,1649542545921
0.0,0.0,6.171,16.0,1649542546001
0.0,0.0,6.15,16.0,1649542546055
0.0,0.0,6.171,16.0,1649542546125
0.0,0.0,6.16,16.0,1649542546196
0.0,0.0,6.171,16.0,1649542546271
0.0,0.0,6.192,16.0,1649542546362
0.0,0.0,6.181,16.0,1649542546405
0.0,0.0,6.181,16.0,1649542546583
0.0,0.0,6.171,16.0,1649542546586
0.0,0.0,6.16,16.0,1649542546628
0.0,0.0,6.16,16.0,1649542546686
0.0,0.0,6.16,16.0,1649542546756
0.0,0.0,6.129,16.0,1649542546832
0.0,0.0,6.108,16.0,1649542546902
0.0,0.0,6.088,16.0,1649542546964
0.0,0.0,6.088,16.0,1649542547034
0.0,0.0,6.098,16.0,1649542547104
35.16312789916992,139.61512756347656,6.098,16.0,1649542547104
0.0,0.0,6.088,16.0,1649542547176
0.0,0.0,6.088,16.0,1649542547242
0.0,0.0,6.088,16.0,1649542547313
0.0,0.0,6.108,16.0,1649542547385
0.0,0.0,6.119,16.0,1649542547453
0.0,0.0,6.119,16.0,1649542547527
0.0,0.0,6.14,16.0,1649542547595
0.0,0.0,6.171,16.0,1649542547663
0.0,0.0,6.15,16.0,1649542547734
0.0,0.0,6.15,16.0,1649542547806
0.0,0.0,6.14,16.0,1649542547876
0.0,0.0,6.14,16.0,1649542547948
0.0,0.0,6.16,16.0,1649542548047
0.0,0.0,6.171,16.0,1649542548083
0.0,0.0,6.181,16.0,1649542548157
35.16313552856445,139.6151123046875,6.181,16.0,1649542548157
0.0,0.0,6.171,16.0,1649542548225
0.0,0.0,6.15,16.0,1649542548292
0.0,0.0,6.14,16.0,1649542548362
0.0,0.0,6.14,16.0,1649542548432
0.0,0.0,6.119,16.0,1649542548502
0.0,0.0,6.108,16.0,1649542548573
0.0,0.0,6.108,16.0,1649542548645
0.0,0.0,6.129,16.0,1649542548714
0.0,0.0,6.119,16.0,1649542548784
0.0,0.0,6.108,16.0,1649542548856
0.0,0.0,6.098,16.0,1649542548927
0.0,0.0,6.077,16.0,1649542548995
0.0,0.0,6.056,16.0,1649542549063
0.0,0.0,6.067,16.0,1649542549134
35.163143157958984,139.6151123046875,6.067,16.0,1649542549134
0.0,0.0,6.067,16.0,1649542549208
0.0,0.0,6.056,16.0,1649542549276
0.0,0.0,6.067,16.0,1649542549342
0.0,0.0,6.077,16.0,1649542549414
0.0,0.0,6.077,16.0,1649542549481
0.0,0.0,6.056,16.0,1649542549556
0.0,0.0,6.046,16.0,1649542549624
0.0,0.0,6.046,16.0,1649542549694
0.0,0.0,6.046,16.0,1649542549764
0.0,0.0,6.046,16.0,1649542549836
0.0,0.0,6.046,16.0,1649542549904
0.0,0.0,6.036,16.0,1649542549974
0.0,0.0,6.025,16.0,1649542550044
0.0,0.0,6.025,16.0,1649542550204
35.16315460205078,139.61509704589844,6.025,16.0,1649542550204
0.0,0.0,6.025,16.0,1649542550217
0.0,0.0,6.004,16.0,1649542550295
0.0,0.0,6.004,16.0,1649542550325
0.0,0.0,6.004,16.0,1649542550393
0.0,0.0,6.015,16.0,1649542550510
0.0,0.0,6.004,16.0,1649542550535
0.0,0.0,6.004,16.0,1649542550607
0.0,0.0,5.994,16.0,1649542550741
0.0,0.0,5.984,16.0,1649542550750
0.0,0.0,5.994,16.0,1649542550870
0.0,0.0,6.004,16.0,1649542550911
0.0,0.0,5.994,16.0,1649542550998
0.0,0.0,6.004,16.0,1649542551020
0.0,0.0,6.015,16.0,1649542551092
35.16316223144531,139.61509704589844,6.015,16.0,1649542551092
0.0,0.0,6.004,16.0,1649542551178
0.0,0.0,6.015,16.0,1649542551282
0.0,0.0,6.036,16.0,1649542551304
0.0,0.0,6.036,16.0,1649542551404
0.0,0.0,6.056,16.0,1649542551443
0.0,0.0,6.067,16.0,1649542551558
0.0,0.0,6.088,16.0,1649542551619
0.0,0.0,6.108,16.0,1649542551656
0.0,0.0,6.108,16.0,1649542551736
0.0,0.0,6.108,16.0,1649542551796
0.0,0.0,6.108,16.0,1649542551866
0.0,0.0,6.098,16.0,1649542551934
0.0,0.0,6.108,16.0,1649542552006
0.0,0.0,6.088,16.0,1649542552076
0.0,0.0,6.067,16.0,1649542552155
35.163169860839844,139.61508178710938,6.067,16.0,1649542552155
0.0,0.0,6.077,16.0,1649542552212
0.0,0.0,6.067,16.0,1649542552283
0.0,0.0,6.067,16.0,1649542552353
0.0,0.0,6.046,16.0,1649542552423
0.0,0.0,6.015,16.0,1649542552495
0.0,0.0,6.004,16.0,1649542552564
0.0,0.0,6.004,16.0,1649542552636
0.0,0.0,6.004,16.0,1649542552704
0.0,0.0,6.015,16.0,1649542552809
0.0,0.0,6.025,16.0,1649542552845
0.0,0.0,6.025,16.0,1649542552914
0.0,0.0,6.046,16.0,1649542552985
0.0,0.0,6.036,16.0,1649542553056
0.0,0.0,6.036,16.0,1649542553124
35.163177490234375,139.61508178710938,6.036,16.0,1649542553124
0.0,0.0,6.046,16.0,1649542553193
0.0,0.0,6.088,16.0,1649542553267
0.0,0.0,6.129,16.0,1649542553333
0.0,0.0,6.15,16.0,1649542553400
0.0,0.0,6.171,16.0,1649542553549
0.0,0.0,6.171,16.0,1649542553559
0.0,0.0,6.16,16.0,1649542553613
0.0,0.0,6.15,16.0,1649542553683
0.0,0.0,6.171,16.0,1649542553752
0.0,0.0,6.16,16.0,1649542553825
0.0,0.0,6.16,16.0,1649542553898
0.0,0.0,6.14,16.0,1649542553964
0.0,0.0,6.119,16.0,1649542554041
0.0,0.0,6.108,16.0,1649542554131
35.163185119628906,139.6150665283203,6.108,16.0,1649542554131
0.0,0.0,6.088,16.0,1649542554177
0.0,0.0,6.088,16.0,1649542554242
0.0,0.0,6.067,16.0,1649542554313
0.0,0.0,6.077,16.0,1649542554399
0.0,0.0,6.098,16.0,1649542554455
0.0,0.0,6.119,16.0,1649542554522
0.0,0.0,6.15,16.0,1649542554593
0.0,0.0,6.171,16.0,1649542554671
0.0,0.0,6.171,16.0,1649542554763
0.0,0.0,6.192,16.0,1649542554804
0.0,0.0,6.202,16.0,1649542554875
0.0,0.0,6.202,16.0,1649542554946
0.0,0.0,6.202,16.0,1649542555014
0.0,0.0,6.192,16.0,1649542555084
0.0,0.0,6.202,16.0,1649542555160
35.1631965637207,139.6150665283203,6.202,16.0,1649542555160
0.0,0.0,6.202,16.0,1649542555222
0.0,0.0,6.202,16.0,1649542555295
0.0,0.0,6.181,16.0,1649542555362
0.0,0.0,6.15,16.0,1649542555431
0.0,0.0,6.129,16.0,1649542555503
0.0,0.0,6.119,16.0,1649542555574
0.0,0.0,6.119,16.0,1649542555645
0.0,0.0,6.108,16.0,1649542555716
0.0,0.0,6.129,16.0,1649542555787
0.0,0.0,6.15,16.0,1649542555855
0.0,0.0,6.15,16.0,1649542555927
0.0,0.0,6.16,16.0,1649542555994
0.0,0.0,6.16,16.0,1649542556064
0.0,0.0,6.171,16.0,1649542556136
35.1632080078125,139.61505126953125,6.171,16.0,1649542556136
0.0,0.0,6.181,16.0,1649542556202
0.0,0.0,6.233,16.0,1649542556274
0.0,0.0,6.254,16.0,1649542556344
0.0,0.0,6.275,16.0,1649542556412
0.0,0.0,6.285,16.0,1649542556495
0.0,0.0,6.296,16.0,1649542556552
0.0,0.0,6.285,16.0,1649542556621
0.0,0.0,6.275,16.0,1649542556692
0.0,0.0,6.285,16.0,1649542556768
0.0,0.0,6.265,16.0,1649542556836
0.0,0.0,6.275,16.0,1649542556907
0.0,0.0,6.265,16.0,1649542556973
0.0,0.0,6.254,16.0,1649542557046
0.0,0.0,6.223,16.0,1649542557117
35.1632194519043,139.6150360107422,6.223,16.0,1649542557117
0.0,0.0,6.212,16.0,1649542557183
0.0,0.0,6.202,16.0,1649542557253
0.0,0.0,6.171,16.0,1649542557323
0.0,0.0,6.14,16.0,1649542557392
0.0,0.0,6.14,16.0,1649542557462
0.0,0.0,6.119,16.0,1649542557534
0.0,0.0,6.108,16.0,1649542557604
0.0,0.0,6.098,16.0,1649542557674
0.0,0.0,6.077,16.0,1649542557745
0.0,0.0,6.077,16.0,1649542557817
0.0,0.0,6.119,16.0,1649542557885
0.0,0.0,6.129,16.0,1649542557955
0.0,0.0,6.108,16.0,1649542558055
0.0,0.0,6.14,16.0,1649542558095
0.0,0.0,6.16,16.0,1649542558163
35.16322708129883,139.6150360107422,6.16,16.0,1649542558163
0.0,0.0,6.181,16.0,1649542558232
0.0,0.0,6.202,16.0,1649542558308
0.0,0.0,6.223,16.0,1649542558401
0.0,0.0,6.244,16.0,1649542558442
0.0,0.0,6.275,16.0,1649542558515
0.0,0.0,6.275,16.0,1649542558583
0.0,0.0,6.296,16.0,1649542558670
0.0,0.0,6.285,16.0,1649542558726
0.0,0.0,6.265,16.0,1649542558796
0.0,0.0,6.265,16.0,1649542558864
0.0,0.0,6.244,16.0,1649542558941
0.0,0.0,6.233,16.0,1649542559032
0.0,0.0,6.223,16.0,1649542559079
0.0,0.0,6.223,16.0,1649542559154
35.163238525390625,139.61502075195312,6.223,16.0,1649542559154
0.0,0.0,6.202,16.0,1649542559212
0.0,0.0,6.192,16.0,1649542559283
0.0,0.0,6.15,16.0,1649542559354
0.0,0.0,6.14,16.0,1649542559492
0.0,0.0,6.098,16.0,1649542559499
0.0,0.0,6.088,16.0,1649542559561
0.0,0.0,6.108,16.0,1649542559634
0.0,0.0,6.108,16.0,1649542559707
0.0,0.0,6.119,16.0,1649542559776
0.0,0.0,6.119,16.0,1649542559847
0.0,0.0,6.119,16.0,1649542559913
0.0,0.0,6.108,16.0,1649542559985
0.0,0.0,6.108,16.0,1649542560053
0.0,0.0,6.14,16.0,1649542560125
35.163246154785156,139.61502075195312,6.14,16.0,1649542560125
0.0,0.0,6.15,16.0,1649542560197
0.0,0.0,6.16,16.0,1649542560261
0.0,0.0,6.192,16.0,1649542560334
0.0,0.0,6.212,16.0,1649542560403
0.0,0.0,6.212,16.0,1649542560472
0.0,0.0,6.212,16.0,1649542560545
0.0,0.0,6.202,16.0,1649542560613
0.0,0.0,6.192,16.0,1649542560682
0.0,0.0,6.192,16.0,1649542560760
0.0,0.0,6.202,16.0,1649542560826
0.0,0.0,6.212,16.0,1649542560894
0.0,0.0,6.181,16.0,1649542560964
0.0,0.0,6.212,16.0,1649542561037
0.0,0.0,6.192,16.0,1649542561106
0.0,0.0,6.16,16.0,1649542561173
35.16325759887695,139.61500549316406,6.16,16.0,1649542561173
0.0,0.0,6.14,16.0,1649542561246
0.0,0.0,6.14,16.0,1649542561313
0.0,0.0,6.129,16.0,1649542561384
0.0,0.0,6.14,16.0,1649542561530
0.0,0.0,6.119,16.0,1649542561532
0.0,0.0,6.15,16.0,1649542561592
0.0,0.0,6.15,16.0,1649542561663
0.0,0.0,6.16,16.0,1649542561732
0.0,0.0,6.171,16.0,1649542561806
0.0,0.0,6.181,16.0,1649542561875
0.0,0.0,6.223,16.0,1649542561943
0.0,0.0,6.223,16.0,1649542562015
0.0,0.0,6.233,16.0,1649542562085
0.0,0.0,6.233,16.0,1649542562163
35.163265228271484,139.61500549316406,6.233,16.0,1649542562163
0.0,0.0,6.244,16.0,1649542562237
0.0,0.0,6.265,16.0,1649542562293
0.0,0.0,6.265,16.0,1649542562389
0.0,0.0,6.233,16.0,1649542562440
0.0,0.0,6.233,16.0,1649542562508
0.0,0.0,6.223,16.0,1649542562574
0.0,0.0,6.233,16.0,1649542562655
0.0,0.0,6.212,16.0,1649542562747
0.0,0.0,6.192,16.0,1649542562785
0.0,0.0,6.192,16.0,1649542562855
0.0,0.0,6.192,16.0,1649542562927
0.0,0.0,6.223,16.0,1649542563018
0.0,0.0,6.212,16.2,1649542563066
0.0,0.0,6.202,16.2,1649542563136
35.163272857666016,139.614990234375,6.202,16.2,1649542563136
0.0,0.0,6.202,16.2,1649542563203
0.0,0.0,6.202,16.2,1649542563272
0.0,0.0,6.202,16.2,1649542563342
0.0,0.0,6.223,16.2,1649542563415
0.0,0.0,6.202,16.2,1649542563483
0.0,0.0,6.223,16.2,1649542563552
0.0,0.0,6.223,16.2,1649542563621
0.0,0.0,6.244,16.2,1649542563694
0.0,0.0,6.285,16.2,1649542563764
0.0,0.0,6.265,16.2,1649542563836
0.0,0.0,6.275,16.2,1649542563905
0.0,0.0,6.306,16.2,1649542563977
0.0,0.0,6.327,16.2,1649542564047
0.0,0.0,6.358,16.2,1649542564115
35.16328430175781,139.614990234375,6.358,16.2,1649542564115
0.0,0.0,6.337,16.2,1649542564185
0.0,0.0,6.327,16.2,1649542564258
0.0,0.0,6.337,16.2,1649542564322
0.0,0.0,6.327,16.2,1649542564395
0.0,0.0,6.348,16.2,1649542564464
0.0,0.0,6.306,16.2,1649542564533
0.0,0.0,6.285,16.2,1649542564605
0.0,0.0,6.285,16.2,1649542564675
0.0,0.0,6.285,16.2,1649542564745
0.0,0.0,6.265,16.2,1649542564815
0.0,0.0,6.265,16.2,1649542564885
0.0,0.0,6.244,16.2,1649542564954
0.0,0.0,6.244,16.2,1649542565023
0.0,0.0,6.244,16.2,1649542565094
0.0,0.0,6.244,16.2,1649542565163
35.163291931152344,139.61497497558594,6.244,16.2,1649542565163
0.0,0.0,6.265,16.2,1649542565230
0.0,0.0,6.265,16.2,1649542565302
0.0,0.0,6.285,16.2,1649542565372
0.0,0.0,6.306,16.2,1649542565450
0.0,0.0,6.306,16.2,1649542565516
0.0,0.0,6.306,16.2,1649542565582
0.0,0.0,6.337,16.2,1649542565654
0.0,0.0,6.337,16.2,1649542565734
0.0,0.0,6.327,16.2,1649542565796
0.0,0.0,6.348,16.2,1649542565868
0.0,0.0,6.389,16.2,1649542565936
0.0,0.0,6.379,16.2,1649542566008
0.0,0.0,6.4,16.2,1649542566078
0.0,0.0,6.379,16.2,1649542566152
35.163299560546875,139.61495971679688,6.379,16.2,1649542566152
0.0,0.0,6.348,16.2,1649542566218
0.0,0.0,6.327,16.2,1649542566285
0.0,0.0,6.317,16.2,1649542566362
0.0,0.0,6.296,16.2,1649542566420
0.0,0.0,6.275,16.2,1649542566493
0.0,0.0,6.275,16.2,1649542566579
0.0,0.0,6.275,16.2,1649542566636
0.0,0.0,6.254,16.2,1649542566703
0.0,0.0,6.244,16.2,1649542566774
0.0,0.0,6.233,16.2,1649542566853
0.0,0.0,6.212,16.2,1649542566946
0.0,0.0,6.254,16.2,1649542566984
0.0,0.0,6.275,16.2,1649542567056
0.0,0.0,6.275,16.2,1649542567125
35.16331100463867,139.6149444580078,6.275,16.2,1649542567125
0.0,0.0,6.265,16.2,1649542567212
0.0,0.0,6.306,16.2,1649542567264
0.0,0.0,6.306,16.2,1649542567336
0.0,0.0,6.317,16.2,1649542567404
0.0,0.0,6.317,16.2,1649542567472
0.0,0.0,6.337,16.2,1649542567544
0.0,0.0,6.358,16.2,1649542567612
0.0,0.0,6.358,16.2,1649542567685
0.0,0.0,6.379,16.2,1649542567758
0.0,0.0,6.358,16.2,1649542567824
0.0,0.0,6.348,16.2,1649542567895
0.0,0.0,6.358,16.2,1649542567967
0.0,0.0,6.379,16.2,1649542568037
0.0,0.0,6.369,16.2,1649542568105
0.0,0.0,6.358,16.2,1649542568176
35.1633186340332,139.61492919921875,6.358,16.2,1649542568176
0.0,0.0,6.348,16.2,1649542568243
0.0,0.0,6.348,16.2,1649542568312
0.0,0.0,6.337,16.2,1649542568382
0.0,0.0,6.337,16.2,1649542568456
0.0,0.0,6.317,16.2,1649542568527
0.0,0.0,6.327,16.2,1649542568615
0.0,0.0,6.348,16.2,1649542568669
0.0,0.0,6.337,16.2,1649542568743
0.0,0.0,6.358,16.2,1649542568822
0.0,0.0,6.358,16.2,1649542568888
0.0,0.0,6.379,16.2,1649542568958
0.0,0.0,6.379,16.2,1649542569020
0.0,0.0,6.4,16.2,1649542569096
0.0,0.0,6.41,16.2,1649542569156
35.16332244873047,139.61492919921875,6.41,16.2,1649542569156
0.0,0.0,6.41,16.2,1649542569224
0.0,0.0,6.421,16.2,1649542569294
0.0,0.0,6.441,16.2,1649542569365
0.0,0.0,6.421,16.2,1649542569436
0.0,0.0,6.4,16.2,1649542569503
0.0,0.0,6.4,16.2,1649542569574
0.0,0.0,6.379,16.2,1649542569644
0.0,0.0,6.348,16.2,1649542569714
0.0,0.0,6.327,16.2,1649542569788
0.0,0.0,6.296,16.2,1649542569858
0.0,0.0,6.275,16.2,1649542569924
0.0,0.0,6.275,16.2,1649542569994
0.0,0.0,6.265,16.2,1649542570066
0.0,0.0,6.275,16.2,1649542570134
0.0,0.0,6.285,16.2,1649542570206
0.0,0.0,6.296,16.2,1649542570276
0.0,0.0,6.327,16.2,1649542570343
0.0,0.0,6.327,16.2,1649542570413
0.0,0.0,6.337,16.2,1649542570483
0.0,0.0,6.358,16.2,1649542570604
0.0,0.0,6.379,16.2,1649542570623
0.0,0.0,6.389,16.2,1649542570763
0.0,0.0,6.389,16.2,1649542570768
0.0,0.0,6.389,16.2,1649542570912
0.0,0.0,6.389,16.2,1649542570922
0.0,0.0,6.379,16.2,1649542571072
0.0,0.0,6.337,16.2,1649542571082
35.163333892822266,139.61489868164062,6.337,16.2,1649542571082
0.0,0.0,6.337,16.2,1649542571234
0.0,0.0,6.327,16.2,1649542571239
0.0,0.0,6.285,16.2,1649542571255
0.0,0.0,6.296,16.2,1649542571360
0.0,0.0,6.285,16.2,1649542571405
0.0,0.0,6.306,16.2,1649542571547
0.0,0.0,6.285,16.2,1649542571551
0.0,0.0,6.306,16.2,1649542571602
0.0,0.0,6.317,16.2,1649542571687
0.0,0.0,6.327,16.2,1649542571784
0.0,0.0,6.337,16.2,1649542571815
0.0,0.0,6.337,16.2,1649542571905
0.0,0.0,6.348,16.2,1649542572001
0.0,0.0,6.337,16.2,1649542572028
0.0,0.0,6.337,16.2,1649542572112
35.16333770751953,139.61489868164062,6.337,16.2,1649542572112
0.0,0.0,6.337,16.2,1649542572167
0.0,0.0,6.327,16.2,1649542572279
0.0,0.0,6.296,16.2,1649542572306
0.0,0.0,6.306,16.2,1649542572377
0.0,0.0,6.285,16.2,1649542572500
0.0,0.0,6.285,16.2,1649542572512
0.0,0.0,6.265,16.2,1649542572581
0.0,0.0,6.275,16.2,1649542572653
0.0,0.0,6.296,16.2,1649542572727
0.0,0.0,6.296,16.2,1649542572793
0.0,0.0,6.296,16.2,1649542572865
0.0,0.0,6.317,16.2,1649542572935
0.0,0.0,6.317,16.2,1649542573005
0.0,0.0,6.337,16.2,1649542573077
0.0,0.0,6.348,16.2,1649542573158
35.16334533691406,139.61488342285156,6.348,16.2,1649542573158
0.0,0.0,6.337,16.2,1649542573215
0.0,0.0,6.369,16.2,1649542573284
0.0,0.0,6.379,16.2,1649542573357
0.0,0.0,6.369,16.2,1649542573426
0.0,0.0,6.379,16.2,1649542573495
0.0,0.0,6.358,16.2,1649542573563
0.0,0.0,6.369,16.2,1649542573632
0.0,0.0,6.348,16.2,1649542573709
0.0,0.0,6.358,16.2,1649542573781
0.0,0.0,6.348,16.2,1649542573846
0.0,0.0,6.327,16.2,1649542573915
0.0,0.0,6.306,16.2,1649542573994
0.0,0.0,6.327,16.2,1649542574054
0.0,0.0,6.306,16.2,1649542574150
35.16334915161133,139.6148681640625,6.306,16.2,1649542574150
0.0,0.0,6.285,16.2,1649542574227
0.0,0.0,6.275,16.2,1649542574263
0.0,0.0,6.254,16.2,1649542574332
0.0,0.0,6.254,16.2,1649542574485
0.0,0.0,6.244,16.2,1649542574498
0.0,0.0,6.233,16.2,1649542574540
0.0,0.0,6.212,16.2,1649542574613
0.0,0.0,6.212,16.2,1649542574684
0.0,0.0,6.202,16.2,1649542574770
0.0,0.0,6.212,16.2,1649542574858
0.0,0.0,6.202,16.2,1649542574893
0.0,0.0,6.223,16.2,1649542574965
0.0,0.0,6.244,16.0,1649542575040
0.0,0.0,6.233,16.0,1649542575124
35.163352966308594,139.61485290527344,6.233,16.0,1649542575124
0.0,0.0,6.265,16.0,1649542575172
0.0,0.0,6.285,16.0,1649542575240
0.0,0.0,6.285,16.0,1649542575311
0.0,0.0,6.285,16.0,1649542575384
0.0,0.0,6.296,16.0,1649542575453
0.0,0.0,6.306,16.0,1649542575522
0.0,0.0,6.317,16.0,1649542575596
0.0,0.0,6.317,16.0,1649542575668
0.0,0.0,6.317,16.0,1649542575737
0.0,0.0,6.317,16.0,1649542575804
0.0,0.0,6.327,16.0,1649542575873
0.0,0.0,6.337,16.0,1649542575946
0.0,0.0,6.337,16.0,1649542576017
0.0,0.0,6.337,16.0,1649542576105
35.16335678100586,139.61483764648438,6.337,16.0,1649542576105
0.0,0.0,6.358,16.0,1649542576156
0.0,0.0,6.379,16.0,1649542576223
0.0,0.0,6.41,16.0,1649542576293
0.0,0.0,6.389,16.0,1649542576368
0.0,0.0,6.358,16.0,1649542576504
0.0,0.0,6.358,16.0,1649542576519
0.0,0.0,6.358,16.0,1649542576574
0.0,0.0,6.317,16.0,1649542576647
0.0,0.0,6.285,16.0,1649542576715
0.0,0.0,6.275,16.0,1649542576785
0.0,0.0,6.254,16.0,1649542576855
0.0,0.0,6.244,16.0,1649542576924
0.0,0.0,6.212,16.0,1649542576997
0.0,0.0,6.192,16.0,1649542577064
0.0,0.0,6.171,16.0,1649542577134
35.163360595703125,139.6148223876953,6.171,16.0,1649542577134
0.0,0.0,6.171,16.0,1649542577216
0.0,0.0,6.171,16.0,1649542577272
0.0,0.0,6.171,16.0,1649542577341
0.0,0.0,6.181,16.0,1649542577416
0.0,0.0,6.233,16.0,1649542577484
0.0,0.0,6.265,16.0,1649542577550
0.0,0.0,6.275,16.0,1649542577622
0.0,0.0,6.296,16.0,1649542577693
0.0,0.0,6.306,16.0,1649542577766
0.0,0.0,6.306,16.0,1649542577836
0.0,0.0,6.306,16.0,1649542577909
0.0,0.0,6.317,16.0,1649542577973
0.0,0.0,6.337,16.0,1649542578056
0.0,0.0,6.337,16.0,1649542578116
35.16336441040039,139.61480712890625,6.337,16.0,1649542578116
0.0,0.0,6.337,16.0,1649542578199
0.0,0.0,6.317,16.0,1649542578278
0.0,0.0,6.275,16.0,1649542578320
0.0,0.0,6.223,16.0,1649542578399
0.0,0.0,6.212,16.0,1649542578529
0.0,0.0,6.202,16.0,1649542578548
0.0,0.0,6.192,16.0,1649542578675
0.0,0.0,6.202,16.0,1649542578747
0.0,0.0,6.202,16.0,1649542578819
0.0,0.0,6.202,16.0,1649542578908
0.0,0.0,6.181,16.0,1649542578958
0.0,0.0,6.171,16.0,1649542579025
0.0,0.0,6.181,16.0,1649542579093
0.0,0.0,6.212,16.0,1649542579175
35.163368225097656,139.6147918701172,6.212,16.0,1649542579175
0.0,0.0,6.233,16.0,1649542579239
0.0,0.0,6.254,16.0,1649542579302
0.0,0.0,6.244,16.0,1649542579376
0.0,0.0,6.233,16.0,1649542579442
0.0,0.0,6.244,16.0,1649542579511
0.0,0.0,6.233,16.0,1649542579581
0.0,0.0,6.233,16.0,1649542579656
0.0,0.0,6.223,16.0,1649542579724
0.0,0.0,6.202,16.0,1649542579796
0.0,0.0,6.212,16.0,1649542579863
0.0,0.0,6.202,16.0,1649542579935
0.0,0.0,6.192,16.0,1649542580005
0.0,0.0,6.171,16.0,1649542580074
0.0,0.0,6.16,16.0,1649542580159
35.16337203979492,139.61477661132812,6.16,16.0,1649542580159
0.0,0.0,6.181,16.0,1649542580212
0.0,0.0,6.192,16.0,1649542580282
0.0,0.0,6.181,16.0,1649542580359
0.0,0.0,6.171,16.0,1649542580425
0.0,0.0,6.171,16.0,1649542580493
0.0,0.0,6.181,16.0,1649542580571
0.0,0.0,6.202,16.0,1649542580635
0.0,0.0,6.192,16.0,1649542580707
0.0,0.0,6.192,16.0,1649542580772
0.0,0.0,6.192,16.0,1649542580843
0.0,0.0,6.192,16.0,1649542580915
0.0,0.0,6.181,16.0,1649542580984
0.0,0.0,6.181,16.2,1649542581054
0.0,0.0,6.171,16.2,1649542581123
35.16337585449219,139.61476135253906,6.171,16.2,1649542581123
0.0,0.0,6.171,16.2,1649542581191
0.0,0.0,6.171,16.2,1649542581263
0.0,0.0,6.171,16.2,1649542581335
0.0,0.0,6.171,16.2,1649542581402
0.0,0.0,6.171,16.2,1649542581473
0.0,0.0,6.171,16.2,1649542581543
0.0,0.0,6.171,16.2,1649542581610
0.0,0.0,6.171,16.2,1649542581685
0.0,0.0,6.16,16.2,1649542581753
0.0,0.0,6.15,16.2,1649542581826
0.0,0.0,6.15,16.2,1649542581893
0.0,0.0,6.14,16.2,1649542581964
0.0,0.0,6.14,16.2,1649542582042
0.0,0.0,6.14,16.2,1649542582104
35.16338348388672,139.61476135253906,6.14,16.2,1649542582104
0.0,0.0,6.119,16.2,1649542582172
0.0,0.0,6.119,16.2,1649542582241
0.0,0.0,6.108,16.2,1649542582314
0.0,0.0,6.119,16.2,1649542582382
0.0,0.0,6.108,16.2,1649542582454
0.0,0.0,6.108,16.2,1649542582523
0.0,0.0,6.14,16.2,1649542582594
0.0,0.0,6.16,16.2,1649542582664
0.0,0.0,6.181,16.2,1649542582737
0.0,0.0,6.202,16.2,1649542582816
0.0,0.0,6.212,16.2,1649542582895
0.0,0.0,6.202,16.2,1649542582944
0.0,0.0,6.233,16.2,1649542583016
0.0,0.0,6.223,16.2,1649542583082
0.0,0.0,6.223,16.2,1649542583166
35.163387298583984,139.61474609375,6.223,16.2,1649542583166
0.0,0.0,6.223,16.2,1649542583251
0.0,0.0,6.212,16.2,1649542583294
0.0,0.0,6.212,16.2,1649542583365
0.0,0.0,6.192,16.2,1649542583433
0.0,0.0,6.171,16.2,1649542583521
0.0,0.0,6.171,16.2,1649542583573
0.0,0.0,6.14,16.2,1649542583645
0.0,0.0,6.119,16.2,1649542583714
0.0,0.0,6.14,16.2,1649542583797
0.0,0.0,6.108,16.2,1649542583857
0.0,0.0,6.119,16.2,1649542583926
0.0,0.0,6.108,16.2,1649542583996
0.0,0.0,6.108,16.2,1649542584066
0.0,0.0,6.098,16.2,1649542584139
35.16339111328125,139.61473083496094,6.098,16.2,1649542584139
0.0,0.0,6.098,16.2,1649542584201
0.0,0.0,6.098,16.2,1649542584274
0.0,0.0,6.098,16.2,1649542584345
0.0,0.0,6.088,16.2,1649542584413
0.0,0.0,6.119,16.2,1649542584481
0.0,0.0,6.129,16.2,1649542584554
0.0,0.0,6.129,16.2,1649542584622
0.0,0.0,6.119,16.2,1649542584693
0.0,0.0,6.119,16.2,1649542584766
0.0,0.0,6.108,16.2,1649542584843
0.0,0.0,6.108,16.2,1649542584904
0.0,0.0,6.108,16.2,1649542584980
0.0,0.0,6.088,16.2,1649542585046
0.0,0.0,6.088,16.2,1649542585116
35.163394927978516,139.61471557617188,6.088,16.2,1649542585116
0.0,0.0,6.098,16.2,1649542585183
0.0,0.0,6.098,16.2,1649542585252
0.0,0.0,6.088,16.2,1649542585321
0.0,0.0,6.077,16.2,1649542585394
0.0,0.0,6.088,16.2,1649542585462
0.0,0.0,6.098,16.2,1649542585539
0.0,0.0,6.088,16.2,1649542585601
0.0,0.0,6.098,16.2,1649542585673
0.0,0.0,6.108,16.2,1649542585743
0.0,0.0,6.108,16.2,1649542585813
0.0,0.0,6.108,16.2,1649542585883
0.0,0.0,6.119,16.2,1649542585954
0.0,0.0,6.119,16.2,1649542586024
0.0,0.0,6.119,16.2,1649542586094
0.0,0.0,6.129,16.2,1649542586165
35.16340255737305,139.6147003173828,6.129,16.2,1649542586165
0.0,0.0,6.14,16.2,1649542586238
0.0,0.0,6.119,16.2,1649542586306
0.0,0.0,6.108,16.2,1649542586374
0.0,0.0,6.098,16.2,1649542586491
0.0,0.0,6.088,16.2,1649542586513
0.0,0.0,6.098,16.2,1649542586580
0.0,0.0,6.098,16.2,1649542586655
0.0,0.0,6.088,16.2,1649542586724
0.0,0.0,6.077,16.2,1649542586795
0.0,0.0,6.077,16.2,1649542586865
0.0,0.0,6.077,16.2,1649542586936
0.0,0.0,6.067,16.2,1649542587006
0.0,0.0,6.056,16.2,1649542587096
0.0,0.0,6.098,16.2,1649542587146
35.16340637207031,139.61468505859375,6.098,16.2,1649542587146
0.0,0.0,6.108,16.2,1649542587211
0.0,0.0,6.108,16.2,1649542587282
0.0,0.0,6.129,16.2,1649542587364
0.0,0.0,6.108,16.2,1649542587453
0.0,0.0,6.088,16.2,1649542587492
0.0,0.0,6.088,16.2,1649542587563
0.0,0.0,6.108,16.2,1649542587671
0.0,0.0,6.098,16.2,1649542587729
0.0,0.0,6.108,16.2,1649542587779
0.0,0.0,6.108,16.2,1649542587845
0.0,0.0,6.098,16.2,1649542587913
0.0,0.0,6.056,16.2,1649542587986
0.0,0.0,6.046,16.2,1649542588053
0.0,0.0,6.056,16.2,1649542588126
35.163414001464844,139.6146697998047,6.056,16.2,1649542588126
0.0,0.0,6.046,16.2,1649542588192
0.0,0.0,6.056,16.2,1649542588261
0.0,0.0,6.077,16.2,1649542588336
0.0,0.0,6.077,16.2,1649542588406
0.0,0.0,6.046,16.2,1649542588471
0.0,0.0,6.046,16.2,1649542588540
0.0,0.0,6.036,16.2,1649542588618
0.0,0.0,6.036,16.2,1649542588687
0.0,0.0,6.036,16.2,1649542588757
0.0,0.0,6.056,16.2,1649542588822
0.0,0.0,6.056,16.2,1649542588895
0.0,0.0,6.036,16.2,1649542589007
0.0,0.0,6.036,16.2,1649542589039
0.0,0.0,6.036,16.2,1649542589106
35.16341781616211,139.61465454101562,6.036,16.2,1649542589106
0.0,0.0,6.036,16.2,1649542589211
0.0,0.0,6.025,16.2,1649542589241
0.0,0.0,6.056,16.2,1649542589313
0.0,0.0,6.046,16.2,1649542589383
0.0,0.0,6.056,16.2,1649542589451
0.0,0.0,6.067,16.2,1649542589521
0.0,0.0,6.067,16.2,1649542589595
0.0,0.0,6.067,16.2,1649542589724
0.0,0.0,6.077,16.2,1649542589738
0.0,0.0,6.067,16.2,1649542589802
0.0,0.0,6.056,16.2,1649542589877
0.0,0.0,6.056,16.2,1649542589945
0.0,0.0,6.046,16.2,1649542590018
0.0,0.0,6.036,16.2,1649542590084
0.0,0.0,6.036,16.2,1649542590156
35.163421630859375,139.61463928222656,6.036,16.2,1649542590156
0.0,0.0,6.036,16.2,1649542590226
0.0,0.0,6.036,16.2,1649542590299
0.0,0.0,6.036,16.2,1649542590364
0.0,0.0,6.036,16.2,1649542590517
0.0,0.0,6.036,16.2,1649542590520
0.0,0.0,6.015,16.2,1649542590606
0.0,0.0,6.025,16.2,1649542590673
0.0,0.0,6.015,16.2,1649542590714
0.0,0.0,6.004,16.2,1649542590830
0.0,0.0,6.025,16.2,1649542590854
0.0,0.0,6.025,16.2,1649542590983
0.0,0.0,6.046,16.2,1649542590997
0.0,0.0,6.036,16.2,1649542591141
35.163429260253906,139.61463928222656,6.036,16.2,1649542591141
0.0,0.0,6.025,16.2,1649542591162
0.0,0.0,6.025,16.2,1649542591307
0.0,0.0,6.036,16.2,1649542591312
0.0,0.0,6.036,16.2,1649542591347
0.0,0.0,6.036,16.2,1649542591429
0.0,0.0,6.036,16.2,1649542591510
0.0,0.0,6.036,16.2,1649542591607
0.0,0.0,6.056,16.2,1649542591653
0.0,0.0,6.046,16.2,1649542591734
0.0,0.0,6.025,16.2,1649542591763
0.0,0.0,6.025,16.2,1649542591852
0.0,0.0,6.046,16.2,1649542591948
0.0,0.0,6.025,16.2,1649542591975
0.0,0.0,6.025,16.2,1649542592072
0.0,0.0,6.004,16.2,1649542592124
35.16343307495117,139.6146240234375,6.004,16.2,1649542592124
0.0,0.0,6.025,16.2,1649542592183
0.0,0.0,6.056,16.2,1649542592253
0.0,0.0,6.056,16.2,1649542592348
0.0,0.0,6.036,16.2,1649542592391
0.0,0.0,6.036,16.2,1649542592464
0.0,0.0,6.056,16.2,1649542592531
0.0,0.0,6.056,16.2,1649542592601
0.0,0.0,6.077,16.2,1649542592674
0.0,0.0,6.056,16.2,1649542592745
0.0,0.0,6.077,16.2,1649542592816
0.0,0.0,6.077,16.2,1649542592888
0.0,0.0,6.108,16.2,1649542592956
0.0,0.0,6.088,16.2,1649542593025
0.0,0.0,6.077,16.0,1649542593095
0.0,0.0,6.088,16.0,1649542593163
35.16343688964844,139.61460876464844,6.088,16.0,1649542593163
0.0,0.0,6.119,16.0,1649542593231
0.0,0.0,6.129,16.0,1649542593303
0.0,0.0,6.108,16.0,1649542593373
0.0,0.0,6.108,16.0,1649542593441
0.0,0.0,6.067,16.0,1649542593547
0.0,0.0,6.077,16.0,1649542593584
0.0,0.0,6.067,16.0,1649542593656
0.0,0.0,6.067,16.0,1649542593725
0.0,0.0,6.056,16.0,1649542593795
0.0,0.0,6.067,16.0,1649542593863
0.0,0.0,6.077,16.0,1649542593935
0.0,0.0,6.067,16.0,1649542594006
0.0,0.0,6.077,16.0,1649542594075
0.0,0.0,6.067,16.0,1649542594149
35.1634407043457,139.61459350585938,6.067,16.0,1649542594149
0.0,0.0,6.098,16.0,1649542594210
0.0,0.0,6.098,16.0,1649542594283
0.0,0.0,6.119,16.0,1649542594353
0.0,0.0,6.129,16.0,1649542594421
0.0,0.0,6.119,16.0,1649542594492
0.0,0.0,6.129,16.0,1649542594565
0.0,0.0,6.129,16.0,1649542594635
0.0,0.0,6.15,16.0,1649542594703
0.0,0.0,6.119,16.0,1649542594772
0.0,0.0,6.119,16.0,1649542594849
0.0,0.0,6.077,16.0,1649542594931
0.0,0.0,6.077,16.0,1649542594987
0.0,0.0,6.036,16.0,1649542595055
0.0,0.0,6.046,16.0,1649542595123
35.16344451904297,139.6145782470703,6.046,16.0,1649542595123
0.0,0.0,6.004,16.0,1649542595202
0.0,0.0,6.004,16.0,1649542595288
0.0,0.0,5.984,16.0,1649542595348
0.0,0.0,5.952,16.0,1649542595413
0.0,0.0,5.942,16.0,1649542595470
0.0,0.0,5.911,16.0,1649542595563
0.0,0.0,5.921,16.0,1649542595612
0.0,0.0,5.963,16.0,1649542595680
0.0,0.0,5.984,16.0,1649542595749
0.0,0.0,6.004,16.0,1649542595828
0.0,0.0,6.036,16.0,1649542595894
0.0,0.0,6.036,16.0,1649542595968
0.0,0.0,6.056,16.0,1649542596037
0.0,0.0,6.067,16.2,1649542596103
0.0,0.0,6.098,16.2,1649542596170
35.1634521484375,139.61456298828125,6.098,16.2,1649542596170
0.0,0.0,6.15,16.2,1649542596243
0.0,0.0,6.14,16.2,1649542596313
0.0,0.0,6.16,16.2,1649542596381
0.0,0.0,6.14,16.2,1649542596452
0.0,0.0,6.119,16.2,1649542596523
0.0,0.0,6.119,16.2,1649542596592
0.0,0.0,6.098,16.2,1649542596666
0.0,0.0,6.088,16.2,1649542596732
0.0,0.0,6.067,16.2,1649542596802
0.0,0.0,6.046,16.2,1649542596900
0.0,0.0,6.015,16.2,1649542596957
0.0,0.0,5.973,16.2,1649542597018
0.0,0.0,5.963,16.2,1649542597082
0.0,0.0,5.963,16.2,1649542597158
35.163455963134766,139.6145477294922,5.963,16.2,1649542597158
0.0,0.0,5.921,16.2,1649542597222
0.0,0.0,5.921,16.2,1649542597293
0.0,0.0,5.931,16.2,1649542597361
0.0,0.0,5.931,16.2,1649542597431
0.0,0.0,5.952,16.2,1649542597520
0.0,0.0,5.952,16.2,1649542597569
0.0,0.0,5.963,16.2,1649542597641
0.0,0.0,5.973,16.2,1649542597713
0.0,0.0,6.004,16.2,1649542597782
0.0,0.0,6.015,16.2,1649542597852
0.0,0.0,6.015,16.2,1649542597924
0.0,0.0,6.004,16.2,1649542597994
0.0,0.0,6.015,16.2,1649542598066
0.0,0.0,6.015,16.2,1649542598133
35.16345977783203,139.61453247070312,6.015,16.2,1649542598133
0.0,0.0,6.004,16.2,1649542598201
0.0,0.0,5.994,16.2,1649542598274
0.0,0.0,5.973,16.2,1649542598343
0.0,0.0,5.942,16.2,1649542598410
0.0,0.0,5.931,16.2,1649542598482
0.0,0.0,5.931,16.2,1649542598553
0.0,0.0,5.921,16.2,1649542598625
0.0,0.0,5.911,16.2,1649542598692
0.0,0.0,5.9,16.2,1649542598762
0.0,0.0,5.89,16.2,1649542598832
0.0,0.0,5.869,16.2,1649542598906
0.0,0.0,5.879,16.2,1649542598975
0.0,0.0,5.879,16.2,1649542599044
0.0,0.0,5.879,16.2,1649542599113
35.1634635925293,139.61453247070312,5.879,16.2,1649542599113
0.0,0.0,5.869,16.2,1649542599179
0.0,0.0,5.879,16.2,1649542599256
0.0,0.0,5.879,16.2,1649542599347
0.0,0.0,5.89,16.2,1649542599394
0.0,0.0,5.89,16.2,1649542599460
0.0,0.0,5.9,16.2,1649542599536
0.0,0.0,5.911,16.2,1649542599614
0.0,0.0,5.921,16.2,1649542599674
0.0,0.0,5.921,16.2,1649542599743
0.0,0.0,5.911,16.2,1649542599830
0.0,0.0,5.921,16.2,1649542599908
0.0,0.0,5.921,16.2,1649542599996
0.0,0.0,5.931,16.2,1649542600024
0.0,0.0,5.931,16.2,1649542600109
0.0,0.0,5.911,16.2,1649542600160
0.0,0.0,5.911,16.2,1649542600239
0.0,0.0,5.911,16.2,1649542600306
0.0,0.0,5.911,16.2,1649542600370
0.0,0.0,5.9,16.2,1649542600440
0.0,0.0,5.9,16.2,1649542600513
0.0,0.0,5.879,16.2,1649542600581
0.0,0.0,5.869,16.2,1649542600654
0.0,0.0,5.848,16.2,1649542600722
0.0,0.0,5.848,16.2,1649542600793
0.0,0.0,5.817,16.2,1649542600863
0.0,0.0,5.807,16.2,1649542600933
0.0,0.0,5.827,16.2,1649542601002
0.0,0.0,5.796,16.2,1649542601075
0.0,0.0,5.796,16.2,1649542601143
35.16346740722656,139.614501953125,5.796,16.2,1649542601143
0.0,0.0,5.796,16.2,1649542601213
0.0,0.0,5.796,16.2,1649542601285
0.0,0.0,5.807,16.2,1649542601356
0.0,0.0,5.838,16.2,1649542601425
0.0,0.0,5.838,16.2,1649542601496
0.0,0.0,5.859,16.2,1649542601563
0.0,0.0,5.879,16.2,1649542601635
0.0,0.0,5.9,16.2,1649542601702
0.0,0.0,5.921,16.2,1649542601773
0.0,0.0,5.921,16.2,1649542601848
0.0,0.0,5.921,16.2,1649542601912
0.0,0.0,5.911,16.2,1649542601982
0.0,0.0,5.9,16.2,1649542602053
0.0,0.0,5.89,16.2,1649542602122
0.0,0.0,5.859,16.2,1649542602194
0.0,0.0,5.817,16.2,1649542602262
0.0,0.0,5.807,16.2,1649542602331
0.0,0.0,5.775,16.2,1649542602404
0.0,0.0,5.765,16.2,1649542602471
0.0,0.0,5.723,16.2,1649542602572
0.0,0.0,5.703,16.2,1649542602610
0.0,0.0,5.703,16.2,1649542602683
0.0,0.0,5.682,16.2,1649542602752
0.0,0.0,5.692,16.2,1649542602825
0.0,0.0,5.692,16.2,1649542602893
0.0,0.0,5.703,16.2,1649542602962
0.0,0.0,5.723,16.2,1649542603034
0.0,0.0,5.734,16.2,1649542603103
0.0,0.0,5.744,16.2,1649542603176
35.163475036621094,139.61448669433594,5.744,16.2,1649542603176
0.0,0.0,5.765,16.2,1649542603253
0.0,0.0,5.775,16.2,1649542603346
0.0,0.0,5.786,16.2,1649542603383
0.0,0.0,5.807,16.2,1649542603453
0.0,0.0,5.817,16.2,1649542603526
0.0,0.0,5.807,16.2,1649542603613
0.0,0.0,5.807,16.2,1649542603661
0.0,0.0,5.817,16.2,1649542603732
0.0,0.0,5.817,16.2,1649542603802
0.0,0.0,5.807,16.2,1649542603886
0.0,0.0,5.796,16.2,1649542603977
0.0,0.0,5.775,16.2,1649542604014
0.0,0.0,5.765,16.2,1649542604083
0.0,0.0,5.765,16.2,1649542604153
0.0,0.0,5.765,16.2,1649542604222
0.0,0.0,5.755,16.2,1649542604294
0.0,0.0,5.744,16.2,1649542604364
0.0,0.0,5.734,16.2,1649542604430
0.0,0.0,5.723,16.2,1649542604501
0.0,0.0,5.734,16.2,1649542604572
0.0,0.0,5.713,16.2,1649542604638
0.0,0.0,5.713,16.2,1649542604711
0.0,0.0,5.713,16.2,1649542604788
0.0,0.0,5.703,16.2,1649542604852
0.0,0.0,5.692,16.2,1649542604923
0.0,0.0,5.692,16.2,1649542604991
0.0,0.0,5.692,16.2,1649542605064
0.0,0.0,5.692,16.2,1649542605133
35.163482666015625,139.61448669433594,5.692,16.2,1649542605133
0.0,0.0,5.692,16.2,1649542605202
0.0,0.0,5.692,16.2,1649542605275
0.0,0.0,5.692,16.2,1649542605341
0.0,0.0,5.692,16.2,1649542605413
0.0,0.0,5.692,16.2,1649542605485
0.0,0.0,5.692,16.2,1649542605553
0.0,0.0,5.703,16.2,1649542605622
0.0,0.0,5.713,16.2,1649542605693
0.0,0.0,5.703,16.2,1649542605764
0.0,0.0,5.713,16.2,1649542605836
0.0,0.0,5.713,16.2,1649542605906
0.0,0.0,5.713,16.2,1649542605975
0.0,0.0,5.713,16.2,1649542606043
0.0,0.0,5.703,16.2,1649542606112
0.0,0.0,5.703,16.2,1649542606184
0.0,0.0,5.713,16.2,1649542606257
0.0,0.0,5.713,16.2,1649542606323
0.0,0.0,5.713,16.2,1649542606389
0.0,0.0,5.703,16.2,1649542606570
0.0,0.0,5.692,16.2,1649542606573
0.0,0.0,5.692,16.2,1649542606600
0.0,0.0,5.682,16.2,1649542606673
0.0,0.0,5.682,16.2,1649542606742
0.0,0.0,5.682,16.2,1649542606814
0.0,0.0,5.671,16.2,1649542606884
0.0,0.0,5.661,16.2,1649542606969
0.0,0.0,5.661,16.2,1649542607050
0.0,0.0,5.651,16.2,1649542607094
0.0,0.0,5.64,16.2,1649542607163
35.16348648071289,139.61447143554688,5.64,16.2,1649542607163
0.0,0.0,5.64,16.2,1649542607227
0.0,0.0,5.63,16.2,1649542607317
0.0,0.0,5.63,16.2,1649542607371
0.0,0.0,5.63,16.2,1649542607441
0.0,0.0,5.63,16.2,1649542607513
0.0,0.0,5.619,16.2,1649542607586
0.0,0.0,5.619,16.2,1649542607719
0.0,0.0,5.63,16.2,1649542607726
0.0,0.0,5.63,16.2,1649542607789
0.0,0.0,5.63,16.2,1649542607865
0.0,0.0,5.63,16.2,1649542607955
0.0,0.0,5.63,16.2,1649542608003
0.0,0.0,5.64,16.2,1649542608070
0.0,0.0,5.64,16.2,1649542608141
0.0,0.0,5.64,16.2,1649542608217
0.0,0.0,5.63,16.2,1649542608285
0.0,0.0,5.619,16.2,1649542608348
0.0,0.0,5.609,16.2,1649542608420
0.0,0.0,5.609,16.2,1649542608489
0.0,0.0,5.588,16.2,1649542608565
0.0,0.0,5.578,16.2,1649542608631
0.0,0.0,5.567,16.2,1649542608702
0.0,0.0,5.567,16.2,1649542608773
0.0,0.0,5.567,16.2,1649542608844
0.0,0.0,5.557,16.2,1649542608978
0.0,0.0,5.557,16.2,1649542608983
0.0,0.0,5.567,16.2,1649542609051
0.0,0.0,5.567,16.2,1649542609122
35.163490295410156,139.6144561767578,5.567,16.2,1649542609122
0.0,0.0,5.578,16.2,1649542609190
0.0,0.0,5.578,16.2,1649542609263
0.0,0.0,5.588,16.2,1649542609331
0.0,0.0,5.588,16.2,1649542609401
0.0,0.0,5.609,16.2,1649542609487
0.0,0.0,5.619,16.2,1649542609542
0.0,0.0,5.619,16.2,1649542609614
0.0,0.0,5.619,16.2,1649542609682
0.0,0.0,5.619,16.2,1649542609749
0.0,0.0,5.63,16.2,1649542609826
0.0,0.0,5.619,16.2,1649542609892
0.0,0.0,5.619,16.2,1649542609961
0.0,0.0,5.619,16.2,1649542610032
0.0,0.0,5.619,16.2,1649542610104
0.0,0.0,5.609,16.2,1649542610172
0.0,0.0,5.588,16.2,1649542610240
0.0,0.0,5.578,16.2,1649542610312
0.0,0.0,5.578,16.2,1649542610379
0.0,0.0,5.578,16.2,1649542610451
0.0,0.0,5.567,16.2,1649542610519
0.0,0.0,5.557,16.2,1649542610622
0.0,0.0,5.546,16.2,1649542610662
0.0,0.0,5.557,16.2,1649542610779
0.0,0.0,5.546,16.2,1649542610803
0.0,0.0,5.546,16.2,1649542610904
0.0,0.0,5.536,16.2,1649542610942
0.0,0.0,5.526,16.2,1649542611050
0.0,0.0,5.536,16.2,1649542611082
35.16349411010742,139.61444091796875,5.536,16.2,1649542611082
0.0,0.0,5.536,16.2,1649542611224
0.0,0.0,5.546,16.2,1649542611238
0.0,0.0,5.557,16.2,1649542611326
0.0,0.0,5.557,16.2,1649542611390
0.0,0.0,5.567,16.2,1649542611429
0.0,0.0,5.578,16.2,1649542611525
0.0,0.0,5.578,16.2,1649542611570
0.0,0.0,5.588,16.2,1649542611709
0.0,0.0,5.598,16.2,1649542611720
0.0,0.0,5.609,16.2,1649542611779
0.0,0.0,5.598,16.2,1649542611853
0.0,0.0,5.598,16.2,1649542611937
0.0,0.0,5.598,16.2,1649542612033
0.0,0.0,5.588,16.2,1649542612063
0.0,0.0,5.557,16.2,1649542612151
0.0,0.0,5.557,16.2,1649542612199
0.0,0.0,5.536,16.2,1649542612310
0.0,0.0,5.526,16.2,1649542612340
0.0,0.0,5.526,16.2,1649542612434
0.0,0.0,5.494,16.2,1649542612480
0.0,0.0,5.484,16.2,1649542612554
0.0,0.0,5.463,16.2,1649542612618
0.0,0.0,5.463,16.2,1649542612690
0.0,0.0,5.432,16.2,1649542612762
0.0,0.0,5.442,16.2,1649542612832
0.0,0.0,5.453,16.2,1649542612904
0.0,0.0,5.463,16.2,1649542612973
0.0,0.0,5.453,16.2,1649542613042
0.0,0.0,5.442,16.2,1649542613110
35.16349792480469,139.6144256591797,5.442,16.2,1649542613110
0.0,0.0,5.453,16.2,1649542613182
0.0,0.0,5.432,16.2,1649542613249
0.0,0.0,5.422,16.2,1649542613322
0.0,0.0,5.401,16.2,1649542613398
0.0,0.0,5.38,16.2,1649542613468
0.0,0.0,5.37,16.2,1649542613531
0.0,0.0,5.401,16.2,1649542613601
0.0,0.0,5.37,16.2,1649542613673
0.0,0.0,5.349,16.2,1649542613742
0.0,0.0,5.328,16.2,1649542613811
0.0,0.0,5.286,16.2,1649542613881
0.0,0.0,5.307,16.2,1649542613948
0.0,0.0,5.265,16.2,1649542614023
0.0,0.0,5.276,16.2,1649542614091
0.0,0.0,5.265,16.2,1649542614161
0.0,0.0,5.276,16.2,1649542614229
0.0,0.0,5.307,16.2,1649542614299
0.0,0.0,5.317,16.2,1649542614369
0.0,0.0,5.276,16.2,1649542614439
0.0,0.0,5.328,16.2,1649542614517
0.0,0.0,5.338,16.2,1649542614580
0.0,0.0,5.349,16.2,1649542614648
0.0,0.0,5.39,16.2,1649542614720
0.0,0.0,5.349,16.2,1649542614800
0.0,0.0,5.401,16.2,1649542614864
0.0,0.0,5.39,16.2,1649542614933
0.0,0.0,5.37,16.2,1649542615002
0.0,0.0,5.338,16.2,1649542615071
0.0,0.0,5.297,16.2,1649542615149
35.163509368896484,139.6144256591797,5.297,16.2,1649542615149
0.0,0.0,5.276,16.2,1649542615209
0.0,0.0,5.307,16.2,1649542615279
0.0,0.0,5.276,16.2,1649542615349
0.0,0.0,5.276,16.2,1649542615421
0.0,0.0,5.265,16.2,1649542615492
0.0,0.0,5.213,16.2,1649542615579
0.0,0.0,5.234,16.2,1649542615658
0.0,0.0,5.213,16.2,1649542615703
0.0,0.0,5.213,16.2,1649542615772
0.0,0.0,5.224,16.2,1649542615846
0.0,0.0,5.276,16.2,1649542615929
0.0,0.0,5.286,16.2,1649542615980
0.0,0.0,5.265,16.2,1649542616049
0.0,0.0,5.255,16.2,1649542616120
0.0,0.0,5.265,16.2,1649542616199
0.0,0.0,5.234,16.2,1649542616289
0.0,0.0,5.245,16.2,1649542616331
0.0,0.0,5.286,16.2,1649542616397
0.0,0.0,5.265,16.2,1649542616469
0.0,0.0,5.255,16.2,1649542616580
0.0,0.0,5.224,16.2,1649542616611
0.0,0.0,5.234,16.2,1649542616680
0.0,0.0,5.172,16.2,1649542616748
0.0,0.0,5.203,16.2,1649542616820
0.0,0.0,5.224,16.2,1649542616890
0.0,0.0,5.234,16.2,1649542616960
0.0,0.0,5.213,16.2,1649542617032
0.0,0.0,5.245,16.2,1649542617101
0.0,0.0,5.234,16.2,1649542617168
35.16352462768555,139.61441040039062,5.234,16.2,1649542617168
0.0,0.0,5.203,16.2,1649542617241
0.0,0.0,5.286,16.2,1649542617311
0.0,0.0,5.255,16.2,1649542617382
0.0,0.0,5.276,16.2,1649542617448
0.0,0.0,5.286,16.2,1649542617524
0.0,0.0,5.297,16.2,1649542617591
0.0,0.0,5.265,16.2,1649542617660
0.0,0.0,5.265,16.2,1649542617731
0.0,0.0,5.255,16.2,1649542617799
0.0,0.0,5.255,16.2,1649542617882
0.0,0.0,5.245,16.2,1649542617940
0.0,0.0,5.203,16.2,1649542618011
0.0,0.0,5.245,16.2,1649542618080
0.0,0.0,5.203,16.2,1649542618147
0.0,0.0,5.265,16.2,1649542618220
0.0,0.0,5.255,16.2,1649542618289
0.0,0.0,5.213,16.2,1649542618359
0.0,0.0,5.193,16.2,1649542618428
0.0,0.0,5.213,16.2,1649542618520
0.0,0.0,5.203,16.2,1649542618569
0.0,0.0,5.234,16.2,1649542618639
0.0,0.0,5.265,16.2,1649542618710
0.0,0.0,5.276,16.2,1649542618782
0.0,0.0,5.317,16.2,1649542618854
0.0,0.0,5.328,16.2,1649542618991
0.0,0.0,5.328,16.2,1649542619002
0.0,0.0,5.297,16.2,1649542619058
0.0,0.0,5.338,16.2,1649542619132
35.16353988647461,139.61439514160156,5.338,16.2,1649542619132
0.0,0.0,5.38,16.2,1649542619202
0.0,0.0,5.411,16.2,1649542619270
0.0,0.0,5.432,16.2,1649542619342
0.0,0.0,5.432,16.2,1649542619431
0.0,0.0,5.432,16.2,1649542619488
0.0,0.0,5.38,16.2,1649542619554
0.0,0.0,5.411,16.2,1649542619623
0.0,0.0,5.411,16.2,1649542619700
0.0,0.0,5.442,16.2,1649542619802
0.0,0.0,5.474,16.2,1649542619834
0.0,0.0,5.515,16.2,1649542619904
0.0,0.0,5.505,16.2,1649542619970
0.0,0.0,5.546,16.2,1649542620062
0.0,0.0,5.557,16.2,1649542620114
35.16354751586914,139.61439514160156,5.557,16.2,1649542620114
0.0,0.0,5.578,16.2,1649542620182
0.0,0.0,5.598,16.2,1649542620249
0.0,0.0,5.609,16.2,1649542620321
0.0,0.0,5.651,16.2,1649542620389
0.0,0.0,5.661,16.2,1649542620458
0.0,0.0,5.671,16.2,1649542620531
0.0,0.0,5.682,16.2,1649542620601
0.0,0.0,5.671,16.2,1649542620673
0.0,0.0,5.682,16.2,1649542620743
0.0,0.0,5.671,16.2,1649542620815
0.0,0.0,5.661,16.2,1649542620883
0.0,0.0,5.651,16.2,1649542620954
0.0,0.0,5.63,16.2,1649542621022
0.0,0.0,5.619,16.2,1649542621094
0.0,0.0,5.588,16.2,1649542621162
35.16355514526367,139.6143798828125,5.588,16.2,1649542621162
0.0,0.0,5.567,16.2,1649542621236
0.0,0.0,5.567,16.2,1649542621301
0.0,0.0,5.536,16.2,1649542621373
0.0,0.0,5.546,16.2,1649542621443
0.0,0.0,5.546,16.2,1649542621513
0.0,0.0,5.546,16.2,1649542621585
0.0,0.0,5.546,16.2,1649542621654
0.0,0.0,5.546,16.2,1649542621759
0.0,0.0,5.567,16.2,1649542621790
0.0,0.0,5.598,16.2,1649542621865
0.0,0.0,5.619,16.2,1649542621932
0.0,0.0,5.63,16.2,1649542622004
0.0,0.0,5.63,16.2,1649542622072
0.0,0.0,5.651,16.2,1649542622150
35.1635627746582,139.6143798828125,5.651,16.2,1649542622150
0.0,0.0,5.651,16.2,1649542622212
0.0,0.0,5.651,16.2,1649542622280
0.0,0.0,5.651,16.2,1649542622352
0.0,0.0,5.63,16.2,1649542622419
0.0,0.0,5.64,16.2,1649542622495
0.0,0.0,5.64,16.2,1649542622564
0.0,0.0,5.651,16.2,1649542622633
0.0,0.0,5.609,16.2,1649542622701
0.0,0.0,5.619,16.2,1649542622772
0.0,0.0,5.609,16.2,1649542622845
0.0,0.0,5.619,16.2,1649542622914
0.0,0.0,5.609,16.2,1649542622983
0.0,0.0,5.619,16.2,1649542623056
0.0,0.0,5.619,16.2,1649542623122
35.163570404052734,139.61436462402344,5.619,16.2,1649542623122
0.0,0.0,5.619,16.2,1649542623193
0.0,0.0,5.609,16.2,1649542623261
0.0,0.0,5.588,16.2,1649542623330
0.0,0.0,5.515,16.2,1649542623400
0.0,0.0,5.463,16.2,1649542623482
0.0,0.0,5.463,16.2,1649542623560
0.0,0.0,5.442,16.2,1649542623610
0.0,0.0,5.411,16.2,1649542623680
0.0,0.0,5.401,16.2,1649542623751
0.0,0.0,5.39,16.2,1649542623832
0.0,0.0,5.39,16.2,1649542623921
0.0,0.0,5.422,16.2,1649542623961
0.0,0.0,5.422,16.2,1649542624035
0.0,0.0,5.422,16.2,1649542624106
35.163578033447266,139.61434936523438,5.422,16.2,1649542624106
0.0,0.0,5.453,16.2,1649542624192
0.0,0.0,5.494,16.2,1649542624243
0.0,0.0,5.567,16.2,1649542624313
0.0,0.0,5.588,16.2,1649542624380
0.0,0.0,5.609,16.2,1649542624464
0.0,0.0,5.609,16.2,1649542624519
0.0,0.0,5.63,16.2,1649542624593
0.0,0.0,5.64,16.2,1649542624661
0.0,0.0,5.63,16.2,1649542624741
0.0,0.0,5.63,16.2,1649542624812
0.0,0.0,5.619,16.2,1649542624874
0.0,0.0,5.64,16.2,1649542624942
0.0,0.0,5.619,16.2,1649542625011
0.0,0.0,5.588,16.2,1649542625083
0.0,0.0,5.546,16.2,1649542625155
35.1635856628418,139.61434936523438,5.546,16.2,1649542625155
0.0,0.0,5.546,16.2,1649542625226
0.0,0.0,5.578,16.2,1649542625292
0.0,0.0,5.588,16.2,1649542625361
0.0,0.0,5.609,16.2,1649542625433
0.0,0.0,5.671,16.2,1649542625503
0.0,0.0,5.671,16.2,1649542625575
0.0,0.0,5.713,16.2,1649542625646
0.0,0.0,5.723,16.2,1649542625715
0.0,0.0,5.734,16.2,1649542625787
0.0,0.0,5.786,16.2,1649542625856
0.0,0.0,5.827,16.2,1649542625925
0.0,0.0,5.848,16.2,1649542625996
0.0,0.0,5.859,16.2,1649542626067
0.0,0.0,5.827,16.2,1649542626137
0.0,0.0,5.848,16.2,1649542626204
0.0,0.0,5.838,16.2,1649542626275
0.0,0.0,5.817,16.2,1649542626342
0.0,0.0,5.838,16.2,1649542626416
0.0,0.0,5.859,16.2,1649542626487
0.0,0.0,5.859,16.2,1649542626553
0.0,0.0,5.859,16.2,1649542626625
0.0,0.0,5.817,16.2,1649542626694
0.0,0.0,5.786,16.2,1649542626764
0.0,0.0,5.775,16.2,1649542626834
0.0,0.0,5.786,16.2,1649542626906
0.0,0.0,5.786,16.2,1649542626977
0.0,0.0,5.807,16.2,1649542627048
0.0,0.0,5.848,16.2,1649542627116
35.163597106933594,139.6143341064453,5.848,16.2,1649542627116
0.0,0.0,5.859,16.2,1649542627184
0.0,0.0,5.869,16.2,1649542627255
0.0,0.0,5.879,16.2,1649542627326
0.0,0.0,5.89,16.2,1649542627398
0.0,0.0,5.869,16.2,1649542627468
0.0,0.0,5.911,16.2,1649542627535
0.0,0.0,5.963,16.2,1649542627604
0.0,0.0,5.973,16.2,1649542627676
0.0,0.0,5.963,16.2,1649542627757
0.0,0.0,5.963,16.2,1649542627846
0.0,0.0,5.942,16.2,1649542627888
0.0,0.0,5.911,16.2,1649542627957
0.0,0.0,5.9,16.2,1649542628027
0.0,0.0,5.89,16.2,1649542628125
35.163604736328125,139.61431884765625,5.89,16.2,1649542628125
0.0,0.0,5.89,16.2,1649542628168
0.0,0.0,5.879,16.2,1649542628232
0.0,0.0,5.89,16.2,1649542628309
0.0,0.0,5.879,16.2,1649542628438
0.0,0.0,5.859,16.2,1649542628474
0.0,0.0,5.838,16.2,1649542628512
0.0,0.0,5.848,16.2,1649542628583
0.0,0.0,5.859,16.2,1649542628652
0.0,0.0,5.879,16.2,1649542628725
0.0,0.0,5.9,16.2,1649542628796
0.0,0.0,5.911,16.2,1649542628864
0.0,0.0,5.931,16.2,1649542628937
0.0,0.0,5.942,16.2,1649542629006
0.0,0.0,5.963,16.2,1649542629074
0.0,0.0,5.952,16.2,1649542629150
35.163612365722656,139.6143035888672,5.952,16.2,1649542629150
0.0,0.0,5.973,16.2,1649542629212
0.0,0.0,5.963,16.2,1649542629285
0.0,0.0,5.952,16.2,1649542629354
0.0,0.0,5.942,16.2,1649542629518
0.0,0.0,5.942,16.2,1649542629526
0.0,0.0,5.942,16.2,1649542629563
0.0,0.0,5.963,16.2,1649542629636
0.0,0.0,5.973,16.2,1649542629707
0.0,0.0,5.952,16.2,1649542629775
0.0,0.0,5.952,16.2,1649542629845
0.0,0.0,5.942,16.2,1649542629915
0.0,0.0,5.952,16.2,1649542629986
0.0,0.0,5.963,16.2,1649542630055
0.0,0.0,5.994,16.2,1649542630125
35.16361999511719,139.6143035888672,5.994,16.2,1649542630125
0.0,0.0,5.994,16.2,1649542630195
0.0,0.0,6.004,16.2,1649542630269
0.0,0.0,6.015,16.2,1649542630338
0.0,0.0,6.015,16.2,1649542630404
0.0,0.0,5.994,16.2,1649542630473
0.0,0.0,5.984,16.2,1649542630547
0.0,0.0,5.994,16.2,1649542630643
0.0,0.0,5.973,16.2,1649542630686
0.0,0.0,5.973,16.2,1649542630768
0.0,0.0,5.952,16.2,1649542630869
0.0,0.0,5.921,16.2,1649542630897
0.0,0.0,5.9,16.2,1649542630992
0.0,0.0,5.9,16.2,1649542631105
35.163631439208984,139.61428833007812,5.9,16.2,1649542631105
0.0,0.0,5.879,16.2,1649542631182
0.0,0.0,5.9,16.2,1649542631276
0.0,0.0,5.911,16.2,1649542631315
0.0,0.0,5.931,16.2,1649542631399
0.0,0.0,5.942,16.2,1649542631581
0.0,0.0,5.942,16.2,1649542631586
0.0,0.0,5.973,16.2,1649542631606
0.0,0.0,5.984,16.2,1649542631664
0.0,0.0,5.994,16.2,1649542631845
0.0,0.0,6.015,16.2,1649542631852
0.0,0.0,6.025,16.2,1649542631883
0.0,0.0,6.067,16.2,1649542631973
0.0,0.0,6.088,16.2,1649542632016
0.0,0.0,6.067,16.2,1649542632107
35.163639068603516,139.61427307128906,6.067,16.2,1649542632107
0.0,0.0,6.056,16.2,1649542632200
0.0,0.0,6.067,16.2,1649542632224
0.0,0.0,6.067,16.2,1649542632298
0.0,0.0,6.025,16.2,1649542632380
0.0,0.0,5.994,16.2,1649542632535
0.0,0.0,5.994,16.2,1649542632545
0.0,0.0,5.994,16.2,1649542632574
0.0,0.0,5.984,16.2,1649542632649
0.0,0.0,5.963,16.2,1649542632717
0.0,0.0,5.931,16.2,1649542632804
0.0,0.0,5.942,16.2,1649542632855
0.0,0.0,5.963,16.2,1649542632935
0.0,0.0,5.963,16.2,1649542633000
0.0,0.0,5.921,16.2,1649542633068
0.0,0.0,5.921,16.2,1649542633133
35.16364669799805,139.6142578125,5.921,16.2,1649542633133
0.0,0.0,5.952,16.2,1649542633210
0.0,0.0,5.973,16.2,1649542633273
0.0,0.0,5.984,16.2,1649542633344
0.0,0.0,5.994,16.2,1649542633413
0.0,0.0,6.015,16.2,1649542633485
0.0,0.0,6.025,16.2,1649542633554
0.0,0.0,6.025,16.2,1649542633626
0.0,0.0,6.004,16.2,1649542633696
0.0,0.0,5.994,16.2,1649542633766
0.0,0.0,5.994,16.2,1649542633837
0.0,0.0,6.015,16.2,1649542633907
0.0,0.0,6.036,16.2,1649542633980
0.0,0.0,6.025,16.2,1649542634050
0.0,0.0,6.046,16.2,1649542634117
35.163658142089844,139.61424255371094,6.046,16.2,1649542634117
0.0,0.0,6.036,16.2,1649542634183
0.0,0.0,6.015,16.2,1649542634254
0.0,0.0,6.015,16.2,1649542634324
0.0,0.0,6.015,16.2,1649542634396
0.0,0.0,5.994,16.2,1649542634494
0.0,0.0,6.025,16.2,1649542634534
0.0,0.0,6.025,16.2,1649542634614
0.0,0.0,6.046,16.2,1649542634684
0.0,0.0,6.046,16.2,1649542634753
0.0,0.0,6.036,16.2,1649542634828
0.0,0.0,6.036,16.2,1649542634888
0.0,0.0,6.025,16.2,1649542634956
0.0,0.0,6.046,16.2,1649542635029
0.0,0.0,6.046,16.2,1649542635096
0.0,0.0,6.067,16.2,1649542635165
35.163665771484375,139.61422729492188,6.067,16.2,1649542635165
0.0,0.0,6.098,16.2,1649542635236
0.0,0.0,6.119,16.2,1649542635306
0.0,0.0,6.14,16.2,1649542635374
0.0,0.0,6.16,16.2,1649542635444
0.0,0.0,6.171,16.2,1649542635515
0.0,0.0,6.171,16.2,1649542635588
0.0,0.0,6.171,16.2,1649542635657
0.0,0.0,6.181,16.2,1649542635727
0.0,0.0,6.212,16.2,1649542635798
0.0,0.0,6.223,16.2,1649542635867
0.0,0.0,6.223,16.2,1649542635937
0.0,0.0,6.202,16.2,1649542636015
0.0,0.0,6.181,16.2,1649542636106
0.0,0.0,6.171,16.2,1649542636162
35.163673400878906,139.61422729492188,6.171,16.2,1649542636162
0.0,0.0,6.15,16.2,1649542636218
0.0,0.0,6.129,16.2,1649542636284
0.0,0.0,6.088,16.2,1649542636373
0.0,0.0,6.088,16.2,1649542636426
0.0,0.0,6.077,16.2,1649542636494
0.0,0.0,6.046,16.2,1649542636565
0.0,0.0,6.004,16.2,1649542636649
0.0,0.0,5.994,16.2,1649542636735
0.0,0.0,5.994,16.2,1649542636777
0.0,0.0,6.004,16.2,1649542636845
0.0,0.0,6.015,16.2,1649542636920
0.0,0.0,6.015,16.2,1649542636988
0.0,0.0,6.025,16.2,1649542637058
0.0,0.0,6.036,16.2,1649542637126
35.16367721557617,139.6142120361328,6.036,16.2,1649542637126
0.0,0.0,6.036,16.2,1649542637195
0.0,0.0,6.056,16.2,1649542637269
0.0,0.0,6.036,16.2,1649542637341
0.0,0.0,6.098,16.2,1649542637405
0.0,0.0,6.14,16.2,1649542637475
0.0,0.0,6.15,16.2,1649542637579
0.0,0.0,6.129,16.2,1649542637615
0.0,0.0,6.119,16.2,1649542637685
0.0,0.0,6.14,16.2,1649542637755
0.0,0.0,6.16,16.2,1649542637826
0.0,0.0,6.15,16.2,1649542637897
0.0,0.0,6.16,16.2,1649542637967
0.0,0.0,6.171,16.2,1649542638038
0.0,0.0,6.171,16.2,1649542638107
0.0,0.0,6.192,16.2,1649542638176
35.1636848449707,139.61419677734375,6.192,16.2,1649542638176
0.0,0.0,6.15,16.2,1649542638245
0.0,0.0,6.119,16.2,1649542638321
0.0,0.0,6.119,16.2,1649542638385
0.0,0.0,6.15,16.2,1649542638456
0.0,0.0,6.16,16.2,1649542638525
0.0,0.0,6.16,16.2,1649542638596
0.0,0.0,6.129,16.2,1649542638665
0.0,0.0,6.098,16.2,1649542638737
0.0,0.0,6.088,16.2,1649542638808
0.0,0.0,6.077,16.2,1649542638880
0.0,0.0,6.046,16.2,1649542638948
0.0,0.0,6.025,16.2,1649542639021
0.0,0.0,6.025,16.2,1649542639087
0.0,0.0,6.015,16.2,1649542639166
35.16368865966797,139.6141815185547,6.015,16.2,1649542639166
0.0,0.0,6.004,16.2,1649542639224
0.0,0.0,5.973,16.2,1649542639296
0.0,0.0,5.984,16.2,1649542639365
0.0,0.0,5.994,16.2,1649542639433
0.0,0.0,5.963,16.2,1649542639506
0.0,0.0,5.963,16.2,1649542639578
0.0,0.0,5.931,16.2,1649542639645
0.0,0.0,5.911,16.2,1649542639714
0.0,0.0,5.921,16.2,1649542639785
0.0,0.0,5.911,16.2,1649542639874
0.0,0.0,5.952,16.2,1649542639926
0.0,0.0,5.931,16.2,1649542639996
0.0,0.0,5.942,16.2,1649542640065
35.163692474365234,139.6141815185547,5.942,16.2,1649542640065
0.0,0.0,5.942,16.2,1649542640207
0.0,0.0,5.931,16.2,1649542640233
0.0,0.0,5.921,16.2,1649542640273
0.0,0.0,5.89,16.2,1649542640345
0.0,0.0,5.89,16.2,1649542640411
0.0,0.0,5.9,16.2,1649542640649
0.0,0.0,5.869,16.2,1649542640656
0.0,0.0,5.879,16.2,1649542640668
0.0,0.0,5.869,16.2,1649542640693
0.0,0.0,5.838,16.2,1649542640762
0.0,0.0,5.848,16.2,1649542640834
0.0,0.0,5.859,16.2,1649542640907
0.0,0.0,5.869,16.2,1649542640976
0.0,0.0,5.869,16.2,1649542641049
0.0,0.0,5.796,16.2,1649542641115
35.1636962890625,139.61416625976562,5.796,16.2,1649542641115
0.0,0.0,5.807,16.2,1649542641183
0.0,0.0,5.827,16.2,1649542641258
0.0,0.0,5.775,16.2,1649542641324
0.0,0.0,5.786,16.2,1649542641396
0.0,0.0,5.713,16.2,1649542641465
0.0,0.0,5.703,16.2,1649542641532
0.0,0.0,5.671,16.2,1649542641605
0.0,0.0,5.609,16.2,1649542641676
0.0,0.0,5.598,16.2,1649542641743
0.0,0.0,5.567,16.2,1649542641815
0.0,0.0,5.557,16.2,1649542641885
0.0,0.0,5.557,16.2,1649542641956
0.0,0.0,5.557,16.2,1649542642024
0.0,0.0,5.505,16.2,1649542642095
0.0,0.0,5.484,16.2,1649542642175
35.163700103759766,139.61415100097656,5.484,16.2,1649542642175
0.0,0.0,5.474,16.2,1649542642232
0.0,0.0,5.474,16.2,1649542642304
0.0,0.0,5.494,16.2,1649542642374
0.0,0.0,5.484,16.2,1649542642441
0.0,0.0,5.474,16.2,1649542642513
0.0,0.0,5.432,16.2,1649542642585
0.0,0.0,5.401,16.2,1649542642654
0.0,0.0,5.37,16.2,1649542642722
0.0,0.0,5.37,16.2,1649542642795
0.0,0.0,5.297,16.2,1649542642863
0.0,0.0,5.338,16.2,1649542642936
0.0,0.0,5.359,16.2,1649542643005
0.0,0.0,5.224,16.2,1649542643073
0.0,0.0,5.141,16.2,1649542643142
35.16370391845703,139.6141357421875,5.141,16.2,1649542643142
0.0,0.0,5.057,16.2,1649542643211
0.0,0.0,5.078,16.2,1649542643282
0.0,0.0,5.089,16.2,1649542643352
0.0,0.0,5.151,16.2,1649542643420
0.0,0.0,5.161,16.2,1649542643491
0.0,0.0,5.151,16.2,1649542643560
0.0,0.0,5.12,16.2,1649542643631
0.0,0.0,5.182,16.2,1649542643700
0.0,0.0,5.151,16.2,1649542643772
0.0,0.0,5.151,16.2,1649542643842
0.0,0.0,5.172,16.2,1649542643916
0.0,0.0,5.172,16.2,1649542643984
0.0,0.0,5.234,16.2,1649542644072
0.0,0.0,5.193,16.2,1649542644123
35.16371154785156,139.61412048339844,5.193,16.2,1649542644123
0.0,0.0,5.13,16.2,1649542644190
0.0,0.0,5.057,16.2,1649542644264
0.0,0.0,5.026,16.2,1649542644339
0.0,0.0,4.995,16.2,1649542644531
0.0,0.0,4.995,16.2,1649542644537
0.0,0.0,4.964,16.2,1649542644550
0.0,0.0,4.922,16.2,1649542644609
0.0,0.0,4.932,16.2,1649542644703
0.0,0.0,4.943,16.2,1649542644751
0.0,0.0,4.995,16.2,1649542644822
0.0,0.0,4.995,16.2,1649542644893
0.0,0.0,5.057,16.2,1649542644963
0.0,0.0,5.13,16.2,1649542645034
0.0,0.0,5.213,16.2,1649542645103
0.0,0.0,5.234,16.2,1649542645172
35.16371154785156,139.61410522460938,5.234,16.2,1649542645172
0.0,0.0,5.276,16.2,1649542645241
0.0,0.0,5.37,16.2,1649542645315
0.0,0.0,5.422,16.2,1649542645385
0.0,0.0,5.37,16.2,1649542645453
0.0,0.0,5.317,16.2,1649542645526
0.0,0.0,5.317,16.2,1649542645593
0.0,0.0,5.213,16.2,1649542645666
0.0,0.0,5.213,16.2,1649542645735
0.0,0.0,5.213,16.2,1649542645806
0.0,0.0,5.203,16.2,1649542645871
0.0,0.0,5.203,16.2,1649542645944
0.0,0.0,5.172,16.2,1649542646012
0.0,0.0,5.141,16.2,1649542646085
0.0,0.0,5.172,16.2,1649542646164
35.16371536254883,139.61410522460938,5.172,16.2,1649542646164
0.0,0.0,5.193,16.2,1649542646226
0.0,0.0,5.265,16.2,1649542646293
0.0,0.0,5.286,16.2,1649542646363
0.0,0.0,5.37,16.2,1649542646431
0.0,0.0,5.442,16.2,1649542646503
0.0,0.0,5.505,16.2,1649542646572
0.0,0.0,5.567,16.2,1649542646641
0.0,0.0,5.609,16.2,1649542646714
0.0,0.0,5.63,16.2,1649542646784
0.0,0.0,5.723,16.2,1649542646855
0.0,0.0,5.734,16.2,1649542646926
0.0,0.0,5.765,16.2,1649542646998
0.0,0.0,5.755,16.2,1649542647065
0.0,0.0,5.755,16.2,1649542647141
35.16372299194336,139.6140899658203,5.755,16.2,1649542647141
0.0,0.0,5.775,16.2,1649542647202
0.0,0.0,5.765,16.2,1649542647275
0.0,0.0,5.786,16.2,1649542647344
0.0,0.0,5.765,16.2,1649542647417
0.0,0.0,5.775,16.2,1649542647483
0.0,0.0,5.796,16.2,1649542647552
0.0,0.0,5.859,16.2,1649542647631
0.0,0.0,5.911,16.2,1649542647695
0.0,0.0,5.994,16.2,1649542647766
0.0,0.0,6.015,16.2,1649542647838
0.0,0.0,6.129,16.2,1649542647931
0.0,0.0,6.14,16.2,1649542648006
0.0,0.0,6.14,16.2,1649542648052
0.0,0.0,6.14,16.2,1649542648117
35.163726806640625,139.61407470703125,6.14,16.2,1649542648117
0.0,0.0,6.15,16.2,1649542648184
0.0,0.0,6.181,16.2,1649542648273
0.0,0.0,6.192,16.2,1649542648398
0.0,0.0,6.192,16.2,1649542648465
0.0,0.0,6.16,16.2,1649542648539
0.0,0.0,6.14,16.2,1649542648632
0.0,0.0,6.129,16.2,1649542648679
0.0,0.0,6.14,16.2,1649542648747
0.0,0.0,6.077,16.2,1649542648818
0.0,0.0,6.088,16.2,1649542648906
0.0,0.0,6.077,16.2,1649542648960
0.0,0.0,6.056,16.2,1649542649028
0.0,0.0,6.004,16.2,1649542649096
0.0,0.0,6.004,16.2,1649542649166
35.16373062133789,139.6140594482422,6.004,16.2,1649542649166
0.0,0.0,5.984,16.2,1649542649239
0.0,0.0,5.89,16.2,1649542649311
0.0,0.0,5.89,16.2,1649542649377
0.0,0.0,5.869,16.2,1649542649445
0.0,0.0,5.869,16.2,1649542649576
0.0,0.0,5.838,16.2,1649542649587
0.0,0.0,5.838,16.2,1649542649662
0.0,0.0,5.796,16.2,1649542649728
0.0,0.0,5.755,16.2,1649542649798
0.0,0.0,5.744,16.2,1649542649865
0.0,0.0,5.713,16.2,1649542649935
0.0,0.0,5.661,16.2,1649542650005
0.0,0.0,5.651,16.2,1649542650077
0.0,0.0,5.671,16.2,1649542650155
35.163734436035156,139.61404418945312,5.671,16.2,1649542650155
0.0,0.0,5.713,16.2,1649542650216
0.0,0.0,5.661,16.2,1649542650284
0.0,0.0,5.619,16.2,1649542650355
0.0,0.0,5.598,16.2,1649542650423
0.0,0.0,5.567,16.2,1649542650494
0.0,0.0,5.567,16.2,1649542650564
0.0,0.0,5.557,16.2,1649542650650
0.0,0.0,5.526,16.2,1649542650704
0.0,0.0,5.505,16.2,1649542650820
0.0,0.0,5.505,16.2,1649542650842
0.0,0.0,5.484,16.2,1649542650942
0.0,0.0,5.453,16.2,1649542650984
0.0,0.0,5.38,16.2,1649542651064
0.0,0.0,5.38,16.2,1649542651124
35.16374206542969,139.61402893066406,5.38,16.2,1649542651124
0.0,0.0,5.349,16.2,1649542651224
0.0,0.0,5.328,16.2,1649542651268
0.0,0.0,5.328,16.2,1649542651351
0.0,0.0,5.276,16.2,1649542651441
0.0,0.0,5.245,16.2,1649542651473
0.0,0.0,5.286,16.2,1649542651560
0.0,0.0,5.286,16.2,1649542651660
0.0,0.0,5.286,16.2,1649542651684
0.0,0.0,5.276,16.2,1649542651776
0.0,0.0,5.265,16.2,1649542651826
0.0,0.0,5.307,16.2,1649542651941
0.0,0.0,5.37,16.2,1649542651963
0.0,0.0,5.411,16.2,1649542652063
0.0,0.0,5.422,16.2,1649542652105
35.16374588012695,139.614013671875,5.422,16.2,1649542652105
0.0,0.0,5.453,16.2,1649542652176
0.0,0.0,5.453,16.2,1649542652281
0.0,0.0,5.505,16.2,1649542652326
0.0,0.0,5.505,16.2,1649542652415
0.0,0.0,5.505,16.2,1649542652453
0.0,0.0,5.515,16.2,1649542652539
0.0,0.0,5.526,16.2,1649542652593
0.0,0.0,5.567,16.2,1649542652676
0.0,0.0,5.609,16.2,1649542652767
0.0,0.0,5.588,16.2,1649542652814
0.0,0.0,5.609,16.2,1649542652875
0.0,0.0,5.661,16.2,1649542652947
0.0,0.0,5.671,16.2,1649542653040
0.0,0.0,5.723,16.2,1649542653087
0.0,0.0,5.734,16.2,1649542653163
35.163753509521484,139.614013671875,5.734,16.2,1649542653163
0.0,0.0,5.713,16.2,1649542653225
0.0,0.0,5.723,16.2,1649542653295
0.0,0.0,5.765,16.2,1649542653366
0.0,0.0,5.838,16.2,1649542653433
0.0,0.0,5.859,16.2,1649542653504
0.0,0.0,5.869,16.2,1649542653574
0.0,0.0,5.911,16.2,1649542653646
0.0,0.0,5.942,16.2,1649542653714
0.0,0.0,5.931,16.2,1649542653786
0.0,0.0,5.942,16.2,1649542653859
0.0,0.0,5.952,16.2,1649542653926
0.0,0.0,5.963,16.2,1649542653996
0.0,0.0,5.973,16.2,1649542654066
0.0,0.0,6.004,16.2,1649542654138
35.16375732421875,139.61399841308594,6.004,16.2,1649542654138
0.0,0.0,5.984,16.2,1649542654232
0.0,0.0,5.952,16.2,1649542654275
0.0,0.0,5.973,16.2,1649542654346
0.0,0.0,5.984,16.2,1649542654414
0.0,0.0,6.004,16.2,1649542654487
0.0,0.0,5.984,16.2,1649542654557
0.0,0.0,6.036,16.2,1649542654626
0.0,0.0,6.046,16.2,1649542654697
0.0,0.0,6.004,16.2,1649542654767
0.0,0.0,5.984,16.2,1649542654837
0.0,0.0,6.004,16.2,1649542654905
0.0,0.0,6.046,16.2,1649542654977
0.0,0.0,6.056,16.2,1649542655047
0.0,0.0,6.077,16.2,1649542655117
35.163761138916016,139.61398315429688,6.077,16.2,1649542655117
0.0,0.0,6.077,16.2,1649542655186
0.0,0.0,6.108,16.2,1649542655255
0.0,0.0,6.098,16.2,1649542655326
0.0,0.0,6.088,16.2,1649542655401
0.0,0.0,6.056,16.2,1649542655467
0.0,0.0,6.036,16.2,1649542655537
0.0,0.0,6.108,16.2,1649542655628
0.0,0.0,6.129,16.2,1649542655676
0.0,0.0,6.14,16.2,1649542655746
0.0,0.0,6.108,16.2,1649542655819
0.0,0.0,6.098,16.2,1649542655886
0.0,0.0,6.088,16.2,1649542655976
0.0,0.0,6.088,16.2,1649542656028
0.0,0.0,6.077,16.2,1649542656101
0.0,0.0,6.077,16.2,1649542656172
35.16376495361328,139.6139678955078,6.077,16.2,1649542656172
0.0,0.0,6.119,16.2,1649542656262
0.0,0.0,6.14,16.2,1649542656307
0.0,0.0,6.16,16.2,1649542656375
0.0,0.0,6.129,16.2,1649542656444
0.0,0.0,6.14,16.2,1649542656535
0.0,0.0,6.14,16.2,1649542656590
0.0,0.0,6.181,16.2,1649542656657
0.0,0.0,6.223,16.2,1649542656727
0.0,0.0,6.285,16.2,1649542656802
0.0,0.0,6.296,16.2,1649542656897
0.0,0.0,6.337,16.2,1649542656939
0.0,0.0,6.41,16.2,1649542657008
0.0,0.0,6.441,16.2,1649542657080
0.0,0.0,6.441,16.2,1649542657205
35.16377258300781,139.61395263671875,6.441,16.2,1649542657205
0.0,0.0,6.431,16.2,1649542657218
0.0,0.0,6.421,16.2,1649542657290
0.0,0.0,6.421,16.2,1649542657358
0.0,0.0,6.441,16.2,1649542657425
0.0,0.0,6.41,16.2,1649542657499
0.0,0.0,6.369,16.2,1649542657567
0.0,0.0,6.317,16.2,1649542657637
0.0,0.0,6.306,16.2,1649542657713
0.0,0.0,6.296,16.2,1649542657783
0.0,0.0,6.275,16.2,1649542657856
0.0,0.0,6.275,16.2,1649542657919
0.0,0.0,6.254,16.2,1649542657988
0.0,0.0,6.223,16.2,1649542658056
0.0,0.0,6.254,16.2,1649542658128
35.16377639770508,139.6139373779297,6.254,16.2,1649542658128
0.0,0.0,6.265,16.2,1649542658195
0.0,0.0,6.285,16.2,1649542658268
0.0,0.0,6.296,16.2,1649542658335
0.0,0.0,6.337,16.2,1649542658408
0.0,0.0,6.369,16.2,1649542658510
0.0,0.0,6.358,16.2,1649542658547
0.0,0.0,6.379,16.2,1649542658617
0.0,0.0,6.358,16.2,1649542658686
0.0,0.0,6.348,16.2,1649542658759
0.0,0.0,6.337,16.2,1649542658831
0.0,0.0,6.379,16.2,1649542658899
0.0,0.0,6.379,16.2,1649542658967
0.0,0.0,6.348,16.2,1649542659039
0.0,0.0,6.317,16.2,1649542659121
35.163780212402344,139.61392211914062,6.317,16.2,1649542659121
0.0,0.0,6.317,16.2,1649542659179
0.0,0.0,6.296,16.2,1649542659245
0.0,0.0,6.285,16.2,1649542659315
0.0,0.0,6.285,16.2,1649542659389
0.0,0.0,6.296,16.2,1649542659463
0.0,0.0,6.327,16.2,1649542659528
0.0,0.0,6.348,16.2,1649542659598
0.0,0.0,6.369,16.2,1649542659669
0.0,0.0,6.337,16.2,1649542659737
0.0,0.0,6.327,16.2,1649542659808
0.0,0.0,6.348,16.2,1649542659878
0.0,0.0,6.358,16.2,1649542659948
0.0,0.0,6.327,16.2,1649542660019
0.0,0.0,6.327,16.2,1649542660091
0.0,0.0,6.296,16.2,1649542660158
35.16378402709961,139.61390686035156,6.296,16.2,1649542660158
0.0,0.0,6.285,16.2,1649542660226
0.0,0.0,6.254,16.2,1649542660294
0.0,0.0,6.244,16.2,1649542660367
0.0,0.0,6.212,16.2,1649542660498
0.0,0.0,6.181,16.2,1649542660512
0.0,0.0,6.16,16.2,1649542660578
0.0,0.0,6.14,16.2,1649542660646
0.0,0.0,6.088,16.2,1649542660716
0.0,0.0,6.098,16.2,1649542660791
0.0,0.0,6.098,16.2,1649542660878
0.0,0.0,6.108,16.2,1649542660960
0.0,0.0,6.108,16.2,1649542660998
0.0,0.0,6.15,16.2,1649542661073
0.0,0.0,6.171,16.2,1649542661143
35.163787841796875,139.6138916015625,6.171,16.2,1649542661143
0.0,0.0,6.16,16.2,1649542661226
0.0,0.0,6.192,16.2,1649542661275
0.0,0.0,6.223,16.2,1649542661346
0.0,0.0,6.223,16.2,1649542661415
0.0,0.0,6.275,16.2,1649542661517
0.0,0.0,6.337,16.2,1649542661587
0.0,0.0,6.337,16.2,1649542661625
0.0,0.0,6.358,16.2,1649542661698
0.0,0.0,6.4,16.2,1649542661767
0.0,0.0,6.4,16.2,1649542661837
0.0,0.0,6.379,16.2,1649542661908
0.0,0.0,6.389,16.2,1649542661979
0.0,0.0,6.4,16.2,1649542662047
0.0,0.0,6.41,16.2,1649542662121
35.163795471191406,139.61387634277344,6.41,16.2,1649542662121
0.0,0.0,6.441,16.2,1649542662187
0.0,0.0,6.441,16.2,1649542662257
0.0,0.0,6.441,16.2,1649542662329
0.0,0.0,6.431,16.2,1649542662399
0.0,0.0,6.431,16.2,1649542662468
0.0,0.0,6.441,16.2,1649542662538
0.0,0.0,6.421,16.2,1649542662607
0.0,0.0,6.421,16.2,1649542662679
0.0,0.0,6.421,16.2,1649542662748
0.0,0.0,6.389,16.2,1649542662819
0.0,0.0,6.389,16.2,1649542662889
0.0,0.0,6.369,16.2,1649542663027
0.0,0.0,6.348,16.2,1649542663034
0.0,0.0,6.358,16.2,1649542663098
35.16380310058594,139.61386108398438,6.358,16.2,1649542663098
0.0,0.0,6.348,16.2,1649542663168
0.0,0.0,6.358,16.2,1649542663237
0.0,0.0,6.348,16.2,1649542663306
0.0,0.0,6.379,16.2,1649542663375
0.0,0.0,6.41,16.2,1649542663446
0.0,0.0,6.41,16.2,1649542663516
0.0,0.0,6.441,16.2,1649542663585
0.0,0.0,6.473,16.2,1649542663658
0.0,0.0,6.483,16.2,1649542663730
0.0,0.0,6.473,16.2,1649542663799
0.0,0.0,6.483,16.2,1649542663867
0.0,0.0,6.452,16.2,1649542663940
0.0,0.0,6.441,16.2,1649542664007
0.0,0.0,6.421,16.2,1649542664079
0.0,0.0,6.379,16.2,1649542664158
35.1638069152832,139.6138458251953,6.379,16.2,1649542664158
0.0,0.0,6.296,16.2,1649542664216
0.0,0.0,6.275,16.2,1649542664289
0.0,0.0,6.285,16.2,1649542664357
0.0,0.0,6.265,16.2,1649542664428
0.0,0.0,6.254,16.2,1649542664534
0.0,0.0,6.265,16.2,1649542664594
0.0,0.0,6.306,16.2,1649542664635
0.0,0.0,6.348,16.2,1649542664707
0.0,0.0,6.337,16.2,1649542664779
0.0,0.0,6.327,16.2,1649542664852
0.0,0.0,6.369,16.2,1649542664941
0.0,0.0,6.431,16.2,1649542664987
0.0,0.0,6.483,16.2,1649542665060
0.0,0.0,6.493,16.2,1649542665128
35.16381072998047,139.61383056640625,6.493,16.2,1649542665128
0.0,0.0,6.452,16.2,1649542665215
0.0,0.0,6.473,16.2,1649542665301
0.0,0.0,6.421,16.2,1649542665341
0.0,0.0,6.379,16.2,1649542665408
0.0,0.0,6.348,16.2,1649542665482
0.0,0.0,6.327,16.2,1649542665575
0.0,0.0,6.317,16.2,1649542665616
0.0,0.0,6.337,16.2,1649542665686
0.0,0.0,6.337,16.2,1649542665762
0.0,0.0,6.285,16.2,1649542665827
0.0,0.0,6.265,16.2,1649542665899
0.0,0.0,6.233,16.2,1649542665967
0.0,0.0,6.244,16.2,1649542666036
0.0,0.0,6.192,16.2,1649542666108
35.163818359375,139.61383056640625,6.192,16.2,1649542666108
0.0,0.0,6.244,16.2,1649542666178
0.0,0.0,6.285,16.2,1649542666246
0.0,0.0,6.296,16.2,1649542666316
0.0,0.0,6.317,16.2,1649542666387
0.0,0.0,6.306,16.2,1649542666456
0.0,0.0,6.296,16.2,1649542666526
0.0,0.0,6.275,16.2,1649542666594
0.0,0.0,6.306,16.2,1649542666669
0.0,0.0,6.285,16.2,1649542666737
0.0,0.0,6.296,16.2,1649542666806
0.0,0.0,6.285,16.2,1649542666878
0.0,0.0,6.285,16.2,1649542666947
0.0,0.0,6.275,16.2,1649542667016
0.0,0.0,6.265,16.2,1649542667090
0.0,0.0,6.265,16.2,1649542667164
35.163818359375,139.6138153076172,6.265,16.2,1649542667164
0.0,0.0,6.244,16.2,1649542667229
0.0,0.0,6.223,16.2,1649542667297
0.0,0.0,6.254,16.2,1649542667365
0.0,0.0,6.296,16.2,1649542667570
0.0,0.0,6.327,16.2,1649542667576
0.0,0.0,6.317,16.2,1649542667603
0.0,0.0,6.317,16.2,1649542667647
0.0,0.0,6.306,16.2,1649542667720
0.0,0.0,6.306,16.2,1649542667789
0.0,0.0,6.296,16.2,1649542667857
0.0,0.0,6.317,16.2,1649542667928
0.0,0.0,6.306,16.2,1649542667997
0.0,0.0,6.327,16.2,1649542668069
0.0,0.0,6.369,16.2,1649542668138
35.163822174072266,139.61380004882812,6.369,16.2,1649542668138
0.0,0.0,6.348,16.2,1649542668206
0.0,0.0,6.327,16.2,1649542668281
0.0,0.0,6.358,16.2,1649542668350
0.0,0.0,6.358,16.2,1649542668418
0.0,0.0,6.337,16.2,1649542668485
0.0,0.0,6.348,16.2,1649542668558
