0.0,0.0,3.403,13.6,1647037044188
35.16202163696289,139.61557006835938,3.403,13.6,1647037044188
0.0,0.0,3.403,13.6,1647037044254
0.0,0.0,3.403,13.6,1647037044330
0.0,0.0,3.403,13.6,1647037044399
0.0,0.0,3.403,13.6,1647037044467
0.0,0.0,3.403,13.6,1647037044536
0.0,0.0,3.403,13.6,1647037044611
0.0,0.0,3.403,13.6,1647037044680
0.0,0.0,3.403,13.6,1647037044747
0.0,0.0,3.403,13.6,1647037044819
0.0,0.0,3.403,13.6,1647037044885
0.0,0.0,3.403,13.6,1647037044957
0.0,0.0,3.413,13.6,1647037045024
0.0,0.0,3.413,13.6,1647037045096
0.0,0.0,3.423,13.6,1647037045163
0.0,0.0,3.423,13.6,1647037045233
0.0,0.0,3.423,13.6,1647037045310
0.0,0.0,3.434,13.6,1647037045376
0.0,0.0,3.434,13.6,1647037045445
0.0,0.0,3.444,13.6,1647037045514
0.0,0.0,3.444,13.6,1647037045584
0.0,0.0,3.444,13.6,1647037045652
0.0,0.0,3.444,13.6,1647037045726
0.0,0.0,3.434,13.6,1647037045799
0.0,0.0,3.434,13.6,1647037045868
0.0,0.0,3.434,13.6,1647037045940
0.0,0.0,3.423,13.6,1647037046024
0.0,0.0,3.434,13.6,1647037046148
0.0,0.0,3.434,13.6,1647037046218
0.0,0.0,3.423,13.6,1647037046295
0.0,0.0,3.423,13.6,1647037046382
0.0,0.0,3.423,13.6,1647037046428
0.0,0.0,3.423,13.6,1647037046501
0.0,0.0,3.423,13.6,1647037046572
0.0,0.0,3.423,13.6,1647037046656
0.0,0.0,3.423,13.6,1647037046782
0.0,0.0,3.423,13.6,1647037046850
0.0,0.0,3.423,13.6,1647037046920
0.0,0.0,3.423,13.6,1647037046989
0.0,0.0,3.423,13.6,1647037047059
0.0,0.0,3.413,13.6,1647037047128
0.0,0.0,3.413,13.6,1647037047199
0.0,0.0,3.413,13.6,1647037047270
0.0,0.0,3.413,13.6,1647037047342
0.0,0.0,3.413,13.6,1647037047412
0.0,0.0,3.413,13.6,1647037047477
0.0,0.0,3.403,13.6,1647037047545
0.0,0.0,3.403,13.6,1647037047619
0.0,0.0,3.403,13.6,1647037047690
0.0,0.0,3.403,13.6,1647037047758
0.0,0.0,3.403,13.6,1647037047827
0.0,0.0,3.413,13.6,1647037047905
0.0,0.0,3.413,13.6,1647037047971
35.16203308105469,139.6155548095703,3.413,13.6,1647037047971
0.0,0.0,3.423,13.6,1647037048034
0.0,0.0,3.423,13.6,1647037048108
0.0,0.0,3.434,13.6,1647037048173
0.0,0.0,3.434,13.6,1647037048246
0.0,0.0,3.434,13.6,1647037048317
0.0,0.0,3.434,13.6,1647037048387
0.0,0.0,3.434,13.6,1647037048464
0.0,0.0,3.434,13.6,1647037048528
0.0,0.0,3.434,13.6,1647037048597
0.0,0.0,3.434,13.6,1647037048668
0.0,0.0,3.434,13.6,1647037048738
0.0,0.0,3.434,13.6,1647037048808
0.0,0.0,3.423,13.6,1647037048878
0.0,0.0,3.423,13.6,1647037048948
0.0,0.0,3.423,13.6,1647037049018
0.0,0.0,3.413,13.6,1647037049086
0.0,0.0,3.413,13.6,1647037049156
0.0,0.0,3.413,13.6,1647037049223
0.0,0.0,3.413,13.6,1647037049299
0.0,0.0,3.434,13.6,1647037049364
0.0,0.0,3.434,13.6,1647037049436
0.0,0.0,3.434,13.6,1647037049506
0.0,0.0,3.434,13.6,1647037049576
0.0,0.0,3.434,13.6,1647037049647
0.0,0.0,3.434,13.6,1647037049717
0.0,0.0,3.444,13.6,1647037049787
0.0,0.0,3.455,13.6,1647037049858
0.0,0.0,3.455,13.6,1647037049927
35.162025451660156,139.6155548095703,3.455,13.6,1647037049927
0.0,0.0,3.455,13.6,1647037049993
0.0,0.0,3.444,13.6,1647037050063
0.0,0.0,3.444,13.6,1647037050135
0.0,0.0,3.444,13.6,1647037050204
0.0,0.0,3.444,13.6,1647037050275
0.0,0.0,3.444,13.6,1647037050374
0.0,0.0,3.434,13.6,1647037050414
0.0,0.0,3.423,13.6,1647037050554
0.0,0.0,3.423,13.6,1647037050697
0.0,0.0,3.413,13.6,1647037050765
0.0,0.0,3.413,13.6,1647037050865
0.0,0.0,3.403,13.6,1647037050908
0.0,0.0,3.403,13.6,1647037051070
0.0,0.0,3.403,13.6,1647037051078
0.0,0.0,3.392,13.6,1647037051119
0.0,0.0,3.392,13.6,1647037051344
0.0,0.0,3.392,13.6,1647037051348
0.0,0.0,3.382,13.6,1647037051352
0.0,0.0,3.382,13.6,1647037051515
0.0,0.0,3.382,13.6,1647037051520
0.0,0.0,3.382,13.6,1647037051553
0.0,0.0,3.392,13.6,1647037051603
0.0,0.0,3.392,13.6,1647037051744
0.0,0.0,3.403,13.6,1647037051751
0.0,0.0,3.403,13.6,1647037051814
0.0,0.0,3.403,13.6,1647037051962
0.0,0.0,3.403,13.6,1647037051969
0.0,0.0,3.403,13.8,1647037052026
0.0,0.0,3.403,13.8,1647037052191
0.0,0.0,3.413,13.8,1647037052216
0.0,0.0,3.423,13.8,1647037052238
0.0,0.0,3.423,13.8,1647037052413
0.0,0.0,3.423,13.8,1647037052420
0.0,0.0,3.423,13.8,1647037052450
0.0,0.0,3.434,13.8,1647037052652
0.0,0.0,3.444,13.8,1647037052658
0.0,0.0,3.444,13.8,1647037052726
0.0,0.0,3.444,13.8,1647037052796
0.0,0.0,3.444,13.8,1647037052867
0.0,0.0,3.444,13.8,1647037052937
35.16203308105469,139.6155548095703,3.444,13.8,1647037052937
0.0,0.0,3.434,13.8,1647037053002
0.0,0.0,3.444,13.8,1647037053073
0.0,0.0,3.434,13.8,1647037053144
0.0,0.0,3.434,13.8,1647037053215
0.0,0.0,3.434,13.8,1647037053284
0.0,0.0,3.434,13.8,1647037053356
0.0,0.0,3.413,13.8,1647037053430
0.0,0.0,3.423,13.8,1647037053495
0.0,0.0,3.423,13.8,1647037053607
0.0,0.0,3.423,13.8,1647037053632
0.0,0.0,3.423,13.8,1647037053710
0.0,0.0,3.434,13.8,1647037053778
0.0,0.0,3.434,13.8,1647037053846
0.0,0.0,3.434,13.8,1647037053924
0.0,0.0,3.434,13.8,1647037054003
0.0,0.0,3.434,13.8,1647037054126
0.0,0.0,3.434,13.8,1647037054194
0.0,0.0,3.455,13.8,1647037054270
0.0,0.0,3.455,13.8,1647037054362
0.0,0.0,3.455,13.8,1647037054402
0.0,0.0,3.465,13.8,1647037054476
0.0,0.0,3.465,13.8,1647037054548
0.0,0.0,3.465,13.8,1647037054633
0.0,0.0,3.486,13.8,1647037054758
0.0,0.0,3.486,13.8,1647037054826
0.0,0.0,3.486,13.8,1647037054902
0.0,0.0,3.486,13.8,1647037054972
35.16204833984375,139.61557006835938,3.486,13.8,1647037054972
0.0,0.0,3.486,13.8,1647037055036
0.0,0.0,3.486,13.8,1647037055105
0.0,0.0,3.486,13.8,1647037055173
0.0,0.0,3.486,13.8,1647037055244
0.0,0.0,3.486,13.8,1647037055316
0.0,0.0,3.486,13.8,1647037055386
0.0,0.0,3.486,13.8,1647037055455
0.0,0.0,3.475,13.8,1647037055525
0.0,0.0,3.475,13.8,1647037055595
0.0,0.0,3.465,13.8,1647037055670
0.0,0.0,3.475,13.8,1647037055736
0.0,0.0,3.486,13.8,1647037055806
0.0,0.0,3.496,13.8,1647037055877
0.0,0.0,3.496,13.8,1647037055947
35.16205596923828,139.61557006835938,3.496,13.8,1647037055947
0.0,0.0,3.507,13.8,1647037056015
0.0,0.0,3.517,13.8,1647037056083
0.0,0.0,3.527,13.8,1647037056153
0.0,0.0,3.527,13.8,1647037056255
0.0,0.0,3.538,13.8,1647037056293
0.0,0.0,3.548,13.8,1647037056365
0.0,0.0,3.548,13.8,1647037056434
0.0,0.0,3.548,13.8,1647037056505
0.0,0.0,3.559,13.8,1647037056577
0.0,0.0,3.548,13.8,1647037056646
0.0,0.0,3.548,13.8,1647037056717
0.0,0.0,3.548,13.8,1647037056788
0.0,0.0,3.548,13.8,1647037056857
0.0,0.0,3.548,13.8,1647037056927
0.0,0.0,3.538,13.8,1647037056997
0.0,0.0,3.538,13.8,1647037057063
0.0,0.0,3.538,13.8,1647037057134
0.0,0.0,3.548,13.8,1647037057216
0.0,0.0,3.548,13.8,1647037057274
0.0,0.0,3.548,13.8,1647037057380
0.0,0.0,3.569,13.8,1647037057413
0.0,0.0,3.569,13.8,1647037057504
0.0,0.0,3.58,13.8,1647037057603
0.0,0.0,3.58,13.8,1647037057626
0.0,0.0,3.58,13.8,1647037057724
0.0,0.0,3.569,13.8,1647037057764
0.0,0.0,3.59,13.8,1647037057835
0.0,0.0,3.59,13.8,1647037057906
35.162071228027344,139.61557006835938,3.59,13.8,1647037057906
0.0,0.0,3.59,13.8,1647037057993
0.0,0.0,3.59,13.8,1647037058122
0.0,0.0,3.59,13.8,1647037058127
0.0,0.0,3.59,13.8,1647037058231
0.0,0.0,3.58,13.8,1647037058253
0.0,0.0,3.59,13.8,1647037058324
0.0,0.0,3.6,13.8,1647037058436
0.0,0.0,3.6,13.8,1647037058479
0.0,0.0,3.6,13.8,1647037058616
0.0,0.0,3.632,13.8,1647037058675
0.0,0.0,3.621,13.8,1647037058797
0.0,0.0,3.611,13.8,1647037058844
0.0,0.0,3.621,13.8,1647037058885
0.0,0.0,3.632,13.8,1647037058957
0.0,0.0,3.621,13.8,1647037059025
0.0,0.0,3.621,13.8,1647037059093
0.0,0.0,3.621,13.8,1647037059164
0.0,0.0,3.621,13.8,1647037059234
0.0,0.0,3.632,13.8,1647037059304
0.0,0.0,3.632,13.8,1647037059374
0.0,0.0,3.632,13.8,1647037059442
0.0,0.0,3.621,13.8,1647037059515
0.0,0.0,3.632,13.8,1647037059589
0.0,0.0,3.642,13.8,1647037059655
0.0,0.0,3.632,13.8,1647037059726
0.0,0.0,3.642,13.8,1647037059799
0.0,0.0,3.652,13.8,1647037059866
0.0,0.0,3.652,13.8,1647037059936
35.16209030151367,139.61558532714844,3.652,13.8,1647037059936
0.0,0.0,3.663,13.8,1647037060003
0.0,0.0,3.673,13.8,1647037060075
0.0,0.0,3.684,13.8,1647037060146
0.0,0.0,3.694,13.8,1647037060215
0.0,0.0,3.704,13.8,1647037060284
0.0,0.0,3.704,13.8,1647037060357
0.0,0.0,3.715,13.8,1647037060428
0.0,0.0,3.715,13.8,1647037060492
0.0,0.0,3.715,13.8,1647037060566
0.0,0.0,3.715,13.8,1647037060636
0.0,0.0,3.715,13.8,1647037060706
0.0,0.0,3.725,13.8,1647037060777
0.0,0.0,3.715,13.8,1647037060846
0.0,0.0,3.715,13.8,1647037060916
35.1620979309082,139.61558532714844,3.715,13.8,1647037060916
0.0,0.0,3.704,13.8,1647037060986
0.0,0.0,3.704,13.8,1647037061052
0.0,0.0,3.704,13.8,1647037061122
0.0,0.0,3.704,13.8,1647037061194
0.0,0.0,3.704,13.8,1647037061263
0.0,0.0,3.715,13.8,1647037061333
0.0,0.0,3.715,13.8,1647037061405
0.0,0.0,3.725,13.8,1647037061476
0.0,0.0,3.725,13.8,1647037061547
0.0,0.0,3.715,13.8,1647037061616
0.0,0.0,3.725,13.8,1647037061687
0.0,0.0,3.736,13.8,1647037061759
0.0,0.0,3.736,13.8,1647037061828
0.0,0.0,3.736,13.8,1647037061906
0.0,0.0,3.736,13.8,1647037061981
35.162109375,139.61558532714844,3.736,13.8,1647037061981
0.0,0.0,3.725,13.8,1647037062035
0.0,0.0,3.736,13.8,1647037062107
0.0,0.0,3.725,13.8,1647037062192
0.0,0.0,3.725,13.8,1647037062267
0.0,0.0,3.725,13.8,1647037062327
0.0,0.0,3.725,13.8,1647037062385
0.0,0.0,3.725,13.8,1647037062453
0.0,0.0,3.715,13.8,1647037062544
0.0,0.0,3.715,13.8,1647037062666
0.0,0.0,3.704,13.8,1647037062738
0.0,0.0,3.704,13.8,1647037062811
0.0,0.0,3.704,13.8,1647037062899
0.0,0.0,3.704,13.8,1647037062947
0.0,0.0,3.704,13.8,1647037063013
0.0,0.0,3.694,13.8,1647037063084
0.0,0.0,3.684,13.8,1647037063172
0.0,0.0,3.684,13.8,1647037063268
0.0,0.0,3.684,13.8,1647037063293
0.0,0.0,3.673,13.8,1647037063364
0.0,0.0,3.663,13.8,1647037063433
0.0,0.0,3.652,13.8,1647037063504
0.0,0.0,3.652,13.8,1647037063572
0.0,0.0,3.632,13.8,1647037063646
0.0,0.0,3.611,13.8,1647037063712
0.0,0.0,3.611,13.8,1647037063785
0.0,0.0,3.6,13.8,1647037063854
0.0,0.0,3.59,13.8,1647037063924
35.16212463378906,139.61558532714844,3.59,13.8,1647037063924
0.0,0.0,3.58,14.0,1647037063994
0.0,0.0,3.569,14.0,1647037064063
0.0,0.0,3.559,14.0,1647037064134
0.0,0.0,3.559,14.0,1647037064205
0.0,0.0,3.559,14.0,1647037064277
0.0,0.0,3.569,14.0,1647037064345
0.0,0.0,3.559,14.0,1647037064415
0.0,0.0,3.569,14.0,1647037064487
0.0,0.0,3.569,14.0,1647037064556
0.0,0.0,3.58,14.0,1647037064627
0.0,0.0,3.569,14.0,1647037064697
0.0,0.0,3.58,14.0,1647037064766
0.0,0.0,3.59,14.0,1647037064837
0.0,0.0,3.59,14.0,1647037064907
0.0,0.0,3.59,14.0,1647037064977
0.0,0.0,3.59,14.0,1647037065043
0.0,0.0,3.58,14.0,1647037065113
0.0,0.0,3.58,14.0,1647037065187
0.0,0.0,3.58,14.0,1647037065257
0.0,0.0,3.569,14.0,1647037065348
0.0,0.0,3.569,14.0,1647037065395
0.0,0.0,3.559,14.0,1647037065486
0.0,0.0,3.559,14.0,1647037065535
0.0,0.0,3.538,14.0,1647037065613
0.0,0.0,3.538,14.0,1647037065675
0.0,0.0,3.527,14.0,1647037065766
0.0,0.0,3.527,14.0,1647037065815
0.0,0.0,3.527,14.0,1647037065987
35.162139892578125,139.6156005859375,3.527,14.0,1647037065987
0.0,0.0,3.517,14.0,1647037065991
0.0,0.0,3.507,14.0,1647037066026
0.0,0.0,3.496,14.0,1647037066204
0.0,0.0,3.496,14.0,1647037066209
0.0,0.0,3.496,14.0,1647037066234
0.0,0.0,3.496,14.0,1647037066423
0.0,0.0,3.486,14.0,1647037066425
0.0,0.0,3.486,14.0,1647037066446
0.0,0.0,3.486,14.0,1647037066515
0.0,0.0,3.486,14.0,1647037066642
0.0,0.0,3.475,14.0,1647037066653
0.0,0.0,3.475,14.0,1647037066724
0.0,0.0,3.475,14.0,1647037066873
0.0,0.0,3.465,14.0,1647037066880
0.0,0.0,3.475,14.0,1647037066936
0.0,0.0,3.455,14.0,1647037067098
0.0,0.0,3.455,14.0,1647037067102
0.0,0.0,3.455,14.0,1647037067144
0.0,0.0,3.444,14.0,1647037067365
0.0,0.0,3.444,14.0,1647037067367
0.0,0.0,3.423,14.0,1647037067368
0.0,0.0,3.434,14.0,1647037067550
0.0,0.0,3.413,14.0,1647037067557
0.0,0.0,3.413,14.0,1647037067567
0.0,0.0,3.403,14.0,1647037067636
0.0,0.0,3.413,14.0,1647037067705
0.0,0.0,3.403,14.0,1647037067776
0.0,0.0,3.403,14.0,1647037067846
0.0,0.0,3.413,14.0,1647037067915
35.162147521972656,139.6156005859375,3.413,14.0,1647037067915
0.0,0.0,3.403,14.0,1647037067987
0.0,0.0,3.403,14.0,1647037068054
0.0,0.0,3.413,14.0,1647037068126
0.0,0.0,3.413,14.0,1647037068195
0.0,0.0,3.413,14.0,1647037068265
0.0,0.0,3.413,14.0,1647037068336
0.0,0.0,3.413,14.0,1647037068405
0.0,0.0,3.413,14.0,1647037068475
0.0,0.0,3.413,14.0,1647037068546
0.0,0.0,3.403,14.0,1647037068615
0.0,0.0,3.403,14.0,1647037068684
0.0,0.0,3.403,14.0,1647037068755
0.0,0.0,3.403,14.0,1647037068824
0.0,0.0,3.413,14.0,1647037068895
0.0,0.0,3.413,14.0,1647037068964
0.0,0.0,3.413,14.0,1647037069033
0.0,0.0,3.423,14.0,1647037069103
0.0,0.0,3.434,14.0,1647037069281
0.0,0.0,3.434,14.0,1647037069285
0.0,0.0,3.455,14.0,1647037069313
0.0,0.0,3.465,14.0,1647037069385
0.0,0.0,3.486,14.0,1647037069455
0.0,0.0,3.496,14.0,1647037069528
0.0,0.0,3.507,14.0,1647037069597
0.0,0.0,3.507,14.0,1647037069665
0.0,0.0,3.527,14.0,1647037069736
0.0,0.0,3.538,14.0,1647037069807
0.0,0.0,3.538,14.0,1647037069875
0.0,0.0,3.538,14.0,1647037069945
35.16215896606445,139.6156005859375,3.538,14.0,1647037069945
0.0,0.0,3.538,14.0,1647037070013
0.0,0.0,3.548,14.0,1647037070084
0.0,0.0,3.548,14.0,1647037070161
0.0,0.0,3.548,14.0,1647037070228
0.0,0.0,3.538,14.0,1647037070295
0.0,0.0,3.538,14.0,1647037070368
0.0,0.0,3.538,14.0,1647037070437
0.0,0.0,3.538,14.0,1647037070506
0.0,0.0,3.538,14.0,1647037070576
0.0,0.0,3.538,14.0,1647037070645
0.0,0.0,3.538,14.0,1647037070716
0.0,0.0,3.548,14.0,1647037070788
0.0,0.0,3.559,14.0,1647037070862
0.0,0.0,3.548,14.0,1647037070956
0.0,0.0,3.548,14.0,1647037070996
0.0,0.0,3.548,14.0,1647037071064
0.0,0.0,3.548,14.0,1647037071136
0.0,0.0,3.548,14.0,1647037071220
0.0,0.0,3.559,14.0,1647037071305
0.0,0.0,3.538,14.0,1647037071347
0.0,0.0,3.538,14.0,1647037071414
0.0,0.0,3.527,14.0,1647037071489
0.0,0.0,3.538,14.0,1647037071575
0.0,0.0,3.538,14.0,1647037071624
0.0,0.0,3.548,14.0,1647037071694
0.0,0.0,3.548,14.0,1647037071763
0.0,0.0,3.548,14.0,1647037071837
0.0,0.0,3.527,14.0,1647037071904
0.0,0.0,3.538,14.0,1647037071979
0.0,0.0,3.538,14.0,1647037072044
0.0,0.0,3.538,14.0,1647037072114
0.0,0.0,3.538,14.0,1647037072185
0.0,0.0,3.548,14.0,1647037072254
0.0,0.0,3.538,14.0,1647037072324
0.0,0.0,3.538,14.0,1647037072393
0.0,0.0,3.517,14.0,1647037072463
0.0,0.0,3.507,14.0,1647037072534
0.0,0.0,3.507,14.0,1647037072605
0.0,0.0,3.507,14.0,1647037072675
0.0,0.0,3.517,14.0,1647037072747
0.0,0.0,3.496,14.0,1647037072817
0.0,0.0,3.496,14.0,1647037072885
0.0,0.0,3.507,14.0,1647037072966
35.16217041015625,139.6156005859375,3.507,14.0,1647037072966
0.0,0.0,3.507,14.0,1647037073025
0.0,0.0,3.507,14.0,1647037073102
0.0,0.0,3.507,14.0,1647037073172
0.0,0.0,3.517,14.0,1647037073235
0.0,0.0,3.527,14.0,1647037073305
0.0,0.0,3.548,14.0,1647037073376
0.0,0.0,3.548,14.0,1647037073445
0.0,0.0,3.559,14.0,1647037073516
0.0,0.0,3.559,14.0,1647037073586
0.0,0.0,3.559,14.0,1647037073656
0.0,0.0,3.569,14.0,1647037073726
0.0,0.0,3.569,14.0,1647037073797
0.0,0.0,3.569,14.0,1647037073865
0.0,0.0,3.569,14.0,1647037073935
0.0,0.0,3.559,14.0,1647037074004
0.0,0.0,3.559,14.0,1647037074073
0.0,0.0,3.559,14.0,1647037074148
0.0,0.0,3.548,14.0,1647037074244
0.0,0.0,3.538,14.0,1647037074359
0.0,0.0,3.527,14.0,1647037074369
0.0,0.0,3.538,14.0,1647037074422
0.0,0.0,3.538,14.0,1647037074495
0.0,0.0,3.538,14.0,1647037074566
0.0,0.0,3.548,14.0,1647037074644
0.0,0.0,3.559,14.0,1647037074731
0.0,0.0,3.569,14.0,1647037074777
0.0,0.0,3.569,14.0,1647037074845
0.0,0.0,3.58,14.0,1647037074916
0.0,0.0,3.59,14.0,1647037075002
0.0,0.0,3.611,14.0,1647037075055
0.0,0.0,3.621,14.0,1647037075126
0.0,0.0,3.621,14.0,1647037075197
0.0,0.0,3.621,14.0,1647037075273
0.0,0.0,3.632,14.0,1647037075363
0.0,0.0,3.642,14.0,1647037075404
0.0,0.0,3.632,14.0,1647037075477
0.0,0.0,3.632,14.0,1647037075545
0.0,0.0,3.632,14.0,1647037075615
0.0,0.0,3.642,14.0,1647037075688
0.0,0.0,3.632,14.0,1647037075756
0.0,0.0,3.632,14.0,1647037075825
0.0,0.0,3.621,14.0,1647037075897
0.0,0.0,3.611,14.0,1647037075975
35.16218185424805,139.6156005859375,3.611,14.0,1647037075975
0.0,0.0,3.611,14.0,1647037076031
0.0,0.0,3.611,14.0,1647037076109
0.0,0.0,3.611,14.0,1647037076181
0.0,0.0,3.611,14.0,1647037076244
0.0,0.0,3.611,14.0,1647037076315
0.0,0.0,3.621,14.0,1647037076387
0.0,0.0,3.621,14.0,1647037076457
0.0,0.0,3.632,14.0,1647037076525
0.0,0.0,3.632,14.0,1647037076596
0.0,0.0,3.642,14.0,1647037076665
0.0,0.0,3.642,14.0,1647037076738
0.0,0.0,3.652,14.0,1647037076806
0.0,0.0,3.652,14.0,1647037076881
0.0,0.0,3.652,14.0,1647037076946
0.0,0.0,3.663,14.0,1647037077017
0.0,0.0,3.663,14.0,1647037077083
0.0,0.0,3.663,14.0,1647037077152
0.0,0.0,3.663,14.0,1647037077282
0.0,0.0,3.663,14.0,1647037077292
0.0,0.0,3.652,14.0,1647037077366
0.0,0.0,3.652,14.0,1647037077446
0.0,0.0,3.652,14.0,1647037077507
0.0,0.0,3.632,14.0,1647037077575
0.0,0.0,3.632,14.0,1647037077646
0.0,0.0,3.621,14.0,1647037077714
0.0,0.0,3.621,14.0,1647037077788
0.0,0.0,3.621,14.0,1647037077856
0.0,0.0,3.611,14.0,1647037077926
35.162193298339844,139.6156005859375,3.611,14.0,1647037077926
0.0,0.0,3.6,14.0,1647037077993
0.0,0.0,3.59,14.0,1647037078064
0.0,0.0,3.59,14.0,1647037078136
0.0,0.0,3.59,14.0,1647037078206
0.0,0.0,3.59,14.0,1647037078276
0.0,0.0,3.611,14.0,1647037078346
0.0,0.0,3.611,14.0,1647037078415
0.0,0.0,3.611,14.0,1647037078486
0.0,0.0,3.621,14.0,1647037078555
0.0,0.0,3.621,14.0,1647037078625
0.0,0.0,3.632,14.0,1647037078701
0.0,0.0,3.642,14.0,1647037078790
0.0,0.0,3.642,14.0,1647037078836
0.0,0.0,3.642,14.0,1647037078951
0.0,0.0,3.642,14.0,1647037078976
0.0,0.0,3.642,14.0,1647037079110
0.0,0.0,3.642,14.0,1647037079125
0.0,0.0,3.621,14.0,1647037079258
0.0,0.0,3.621,14.0,1647037079263
0.0,0.0,3.621,14.0,1647037079414
0.0,0.0,3.621,14.0,1647037079419
0.0,0.0,3.6,14.0,1647037079539
0.0,0.0,3.6,14.0,1647037079545
0.0,0.0,3.59,14.0,1647037079630
0.0,0.0,3.59,14.0,1647037079674
0.0,0.0,3.59,14.0,1647037079746
0.0,0.0,3.59,14.0,1647037079815
0.0,0.0,3.59,14.0,1647037079907
0.0,0.0,3.621,14.0,1647037079968
35.16220474243164,139.6156005859375,3.621,14.0,1647037079968
0.0,0.0,3.632,14.0,1647037080023
0.0,0.0,3.642,14.0,1647037080111
0.0,0.0,3.642,14.0,1647037080212
0.0,0.0,3.652,14.0,1647037080235
0.0,0.0,3.663,14.0,1647037080335
0.0,0.0,3.663,14.0,1647037080374
0.0,0.0,3.663,14.0,1647037080492
0.0,0.0,3.673,14.0,1647037080519
0.0,0.0,3.673,14.0,1647037080585
0.0,0.0,3.663,14.0,1647037080654
0.0,0.0,3.632,14.0,1647037080799
0.0,0.0,3.559,14.0,1647037080865
0.0,0.0,3.507,14.0,1647037080935
0.0,0.0,3.455,14.0,1647037081005
0.0,0.0,3.423,14.0,1647037081139
0.0,0.0,3.371,14.0,1647037081145
0.0,0.0,3.309,14.0,1647037081219
0.0,0.0,3.257,14.0,1647037081354
0.0,0.0,3.205,14.0,1647037081359
0.0,0.0,3.142,14.0,1647037081421
0.0,0.0,3.09,14.0,1647037081582
0.0,0.0,3.059,14.0,1647037081589
0.0,0.0,3.049,14.0,1647037081632
0.0,0.0,3.08,14.0,1647037081799
0.0,0.0,3.08,14.0,1647037081810
0.0,0.0,3.101,14.0,1647037081842
0.0,0.0,3.101,14.0,1647037082027
35.16221618652344,139.61558532714844,3.101,14.0,1647037082027
0.0,0.0,3.122,14.0,1647037082035
0.0,0.0,3.142,14.0,1647037082050
0.0,0.0,3.194,14.0,1647037082252
0.0,0.0,3.236,14.0,1647037082265
0.0,0.0,3.267,14.0,1647037082332
0.0,0.0,3.309,14.0,1647037082466
0.0,0.0,3.361,14.0,1647037082497
0.0,0.0,3.403,14.0,1647037082541
0.0,0.0,3.413,14.0,1647037082693
0.0,0.0,3.413,14.0,1647037082709
0.0,0.0,3.423,14.0,1647037082753
0.0,0.0,3.434,14.0,1647037082827
0.0,0.0,3.434,14.0,1647037082905
0.0,0.0,3.434,14.0,1647037082992
0.0,0.0,3.423,14.0,1647037083035
0.0,0.0,3.403,14.0,1647037083102
0.0,0.0,3.403,14.0,1647037083174
0.0,0.0,3.413,14.0,1647037083263
0.0,0.0,3.382,14.0,1647037083313
0.0,0.0,3.382,14.0,1647037083385
0.0,0.0,3.371,14.0,1647037083457
0.0,0.0,3.382,14.0,1647037083534
0.0,0.0,3.392,14.0,1647037083624
0.0,0.0,3.403,14.0,1647037083671
0.0,0.0,3.403,14.0,1647037083735
0.0,0.0,3.413,14.0,1647037083807
0.0,0.0,3.434,14.0,1647037083877
0.0,0.0,3.455,14.0,1647037083947
35.1622314453125,139.61557006835938,3.455,14.0,1647037083947
0.0,0.0,3.455,14.0,1647037084013
0.0,0.0,3.475,14.0,1647037084082
0.0,0.0,3.507,14.0,1647037084155
0.0,0.0,3.507,14.0,1647037084226
0.0,0.0,3.527,14.0,1647037084296
0.0,0.0,3.538,14.0,1647037084366
0.0,0.0,3.538,14.0,1647037084434
0.0,0.0,3.559,14.0,1647037084506
0.0,0.0,3.569,14.0,1647037084576
0.0,0.0,3.58,14.0,1647037084647
0.0,0.0,3.59,14.0,1647037084717
0.0,0.0,3.59,14.0,1647037084786
0.0,0.0,3.6,14.0,1647037084856
0.0,0.0,3.6,14.0,1647037084925
0.0,0.0,3.621,14.2,1647037084998
0.0,0.0,3.632,14.2,1647037085066
0.0,0.0,3.652,14.2,1647037085136
0.0,0.0,3.663,14.2,1647037085205
0.0,0.0,3.673,14.2,1647037085337
0.0,0.0,3.663,14.2,1647037085346
0.0,0.0,3.663,14.2,1647037085413
0.0,0.0,3.663,14.2,1647037085484
0.0,0.0,3.673,14.2,1647037085557
0.0,0.0,3.663,14.2,1647037085626
0.0,0.0,3.652,14.2,1647037085697
0.0,0.0,3.652,14.2,1647037085765
0.0,0.0,3.642,14.2,1647037085837
0.0,0.0,3.632,14.2,1647037085906
0.0,0.0,3.632,14.2,1647037085974
35.16224670410156,139.61557006835938,3.632,14.2,1647037085974
0.0,0.0,3.611,14.2,1647037086042
0.0,0.0,3.611,14.2,1647037086117
0.0,0.0,3.611,14.2,1647037086185
0.0,0.0,3.6,14.2,1647037086256
0.0,0.0,3.59,14.2,1647037086326
0.0,0.0,3.59,14.2,1647037086396
0.0,0.0,3.59,14.2,1647037086463
0.0,0.0,3.59,14.2,1647037086537
0.0,0.0,3.59,14.2,1647037086605
0.0,0.0,3.59,14.2,1647037086675
0.0,0.0,3.59,14.2,1647037086747
0.0,0.0,3.58,14.2,1647037086816
0.0,0.0,3.59,14.2,1647037086885
0.0,0.0,3.611,14.2,1647037086956
0.0,0.0,3.621,14.2,1647037087025
0.0,0.0,3.632,14.2,1647037087093
0.0,0.0,3.642,14.2,1647037087164
0.0,0.0,3.652,14.2,1647037087258
0.0,0.0,3.663,14.2,1647037087303
0.0,0.0,3.673,14.2,1647037087394
0.0,0.0,3.694,14.2,1647037087445
0.0,0.0,3.715,14.2,1647037087516
0.0,0.0,3.725,14.2,1647037087585
0.0,0.0,3.746,14.2,1647037087663
0.0,0.0,3.736,14.2,1647037087753
0.0,0.0,3.736,14.2,1647037087794
0.0,0.0,3.736,14.2,1647037087865
0.0,0.0,3.746,14.2,1647037087942
35.16225814819336,139.6155548095703,3.746,14.2,1647037087942
0.0,0.0,3.736,14.2,1647037088026
0.0,0.0,3.767,14.2,1647037088074
0.0,0.0,3.798,14.2,1647037088146
0.0,0.0,3.819,14.2,1647037088218
0.0,0.0,3.829,14.2,1647037088286
0.0,0.0,3.84,14.2,1647037088356
0.0,0.0,3.871,14.2,1647037088425
0.0,0.0,3.881,14.2,1647037088495
0.0,0.0,3.923,14.2,1647037088567
0.0,0.0,3.944,14.2,1647037088636
0.0,0.0,3.975,14.2,1647037088708
0.0,0.0,3.996,14.2,1647037088775
0.0,0.0,4.037,14.2,1647037088845
0.0,0.0,4.027,14.2,1647037088918
35.162269592285156,139.61553955078125,4.027,14.2,1647037088918
0.0,0.0,4.006,14.2,1647037088987
0.0,0.0,4.006,14.2,1647037089055
0.0,0.0,4.006,14.2,1647037089124
0.0,0.0,4.017,14.2,1647037089197
0.0,0.0,4.006,14.2,1647037089267
0.0,0.0,4.006,14.2,1647037089338
0.0,0.0,4.006,14.2,1647037089407
0.0,0.0,4.017,14.2,1647037089476
0.0,0.0,4.027,14.2,1647037089547
0.0,0.0,4.037,14.2,1647037089617
0.0,0.0,4.027,14.2,1647037089688
0.0,0.0,4.048,14.2,1647037089757
0.0,0.0,4.069,14.2,1647037089827
0.0,0.0,4.089,14.2,1647037089897
0.0,0.0,4.11,14.2,1647037089976
35.16227722167969,139.61553955078125,4.11,14.2,1647037089976
0.0,0.0,4.131,14.2,1647037090040
0.0,0.0,4.141,14.2,1647037090106
0.0,0.0,4.152,14.2,1647037090176
0.0,0.0,4.162,14.2,1647037090245
0.0,0.0,4.173,14.2,1647037090346
0.0,0.0,4.162,14.2,1647037090384
0.0,0.0,4.173,14.2,1647037090456
0.0,0.0,4.173,14.2,1647037090527
0.0,0.0,4.173,14.2,1647037090599
0.0,0.0,4.173,14.2,1647037090667
0.0,0.0,4.173,14.2,1647037090739
0.0,0.0,4.173,14.2,1647037090810
0.0,0.0,4.183,14.2,1647037090877
0.0,0.0,4.183,14.2,1647037090950
35.16228485107422,139.61553955078125,4.183,14.2,1647037090950
0.0,0.0,4.194,14.2,1647037091020
0.0,0.0,4.204,14.2,1647037091084
0.0,0.0,4.194,14.2,1647037091156
0.0,0.0,4.204,14.2,1647037091305
0.0,0.0,4.204,14.2,1647037091309
0.0,0.0,4.204,14.2,1647037091387
0.0,0.0,4.204,14.2,1647037091437
0.0,0.0,4.204,14.2,1647037091506
0.0,0.0,4.204,14.2,1647037091577
0.0,0.0,4.225,14.2,1647037091660
0.0,0.0,4.225,14.2,1647037091752
0.0,0.0,4.214,14.2,1647037091791
0.0,0.0,4.214,14.2,1647037091859
0.0,0.0,4.214,14.2,1647037091933
35.162296295166016,139.6155242919922,4.214,14.2,1647037091933
0.0,0.0,4.225,14.2,1647037092020
0.0,0.0,4.235,14.2,1647037092065
0.0,0.0,4.246,14.2,1647037092135
0.0,0.0,4.246,14.2,1647037092205
0.0,0.0,4.256,14.2,1647037092276
0.0,0.0,4.256,14.2,1647037092349
0.0,0.0,4.256,14.2,1647037092417
0.0,0.0,4.256,14.2,1647037092485
0.0,0.0,4.256,14.2,1647037092557
0.0,0.0,4.256,14.2,1647037092631
0.0,0.0,4.256,14.2,1647037092698
0.0,0.0,4.256,14.2,1647037092767
0.0,0.0,4.256,14.2,1647037092837
0.0,0.0,4.256,14.2,1647037092910
35.16230010986328,139.6155242919922,4.256,14.2,1647037092910
0.0,0.0,4.266,14.2,1647037092980
0.0,0.0,4.266,14.2,1647037093045
0.0,0.0,4.266,14.2,1647037093115
0.0,0.0,4.277,14.2,1647037093184
0.0,0.0,4.287,14.2,1647037093255
0.0,0.0,4.287,14.2,1647037093327
0.0,0.0,4.287,14.2,1647037093396
0.0,0.0,4.308,14.2,1647037093466
0.0,0.0,4.308,14.2,1647037093536
0.0,0.0,4.308,14.2,1647037093607
0.0,0.0,4.329,14.2,1647037093677
0.0,0.0,4.318,14.2,1647037093747
0.0,0.0,4.318,14.2,1647037093818
0.0,0.0,4.318,14.2,1647037093887
0.0,0.0,4.318,14.2,1647037093977
35.16231155395508,139.61550903320312,4.318,14.2,1647037093977
0.0,0.0,4.318,14.2,1647037094026
0.0,0.0,4.318,14.2,1647037094095
0.0,0.0,4.318,14.2,1647037094165
0.0,0.0,4.329,14.2,1647037094236
0.0,0.0,4.318,14.2,1647037094325
0.0,0.0,4.318,14.2,1647037094375
0.0,0.0,4.329,14.2,1647037094447
0.0,0.0,4.339,14.2,1647037094518
0.0,0.0,4.36,14.2,1647037094587
0.0,0.0,4.36,14.2,1647037094659
0.0,0.0,4.36,14.2,1647037094730
0.0,0.0,4.37,14.2,1647037094798
0.0,0.0,4.37,14.2,1647037094869
0.0,0.0,4.36,14.2,1647037094939
35.16231918334961,139.61550903320312,4.36,14.2,1647037094939
0.0,0.0,4.36,14.2,1647037095005
0.0,0.0,4.36,14.2,1647037095075
0.0,0.0,4.36,14.2,1647037095146
0.0,0.0,4.36,14.2,1647037095214
0.0,0.0,4.339,14.2,1647037095301
0.0,0.0,4.329,14.2,1647037095391
0.0,0.0,4.318,14.2,1647037095426
0.0,0.0,4.339,14.2,1647037095495
0.0,0.0,4.318,14.2,1647037095569
0.0,0.0,4.329,14.2,1647037095661
0.0,0.0,4.339,14.2,1647037095709
0.0,0.0,4.339,14.2,1647037095777
0.0,0.0,4.339,14.2,1647037095847
0.0,0.0,4.339,14.2,1647037095931
35.16232681274414,139.61549377441406,4.339,14.2,1647037095931
0.0,0.0,4.339,14.2,1647037096017
0.0,0.0,4.339,14.2,1647037096055
0.0,0.0,4.339,14.2,1647037096127
0.0,0.0,4.35,14.2,1647037096195
0.0,0.0,4.35,14.2,1647037096266
0.0,0.0,4.339,14.2,1647037096411
0.0,0.0,4.36,14.2,1647037096413
0.0,0.0,4.36,14.2,1647037096475
0.0,0.0,4.36,14.2,1647037096547
0.0,0.0,4.36,14.2,1647037096621
0.0,0.0,4.35,14.2,1647037096688
0.0,0.0,4.35,14.2,1647037096759
0.0,0.0,4.36,14.2,1647037096830
0.0,0.0,4.36,14.2,1647037096899
0.0,0.0,4.36,14.2,1647037096978
35.16233444213867,139.61549377441406,4.36,14.2,1647037096978
0.0,0.0,4.36,14.2,1647037097037
0.0,0.0,4.36,14.2,1647037097105
0.0,0.0,4.37,14.2,1647037097174
0.0,0.0,4.37,14.2,1647037097246
0.0,0.0,4.37,14.2,1647037097315
0.0,0.0,4.37,14.2,1647037097387
0.0,0.0,4.36,14.2,1647037097458
0.0,0.0,4.36,14.2,1647037097528
0.0,0.0,4.36,14.2,1647037097598
0.0,0.0,4.36,14.2,1647037097669
0.0,0.0,4.36,14.2,1647037097738
0.0,0.0,4.35,14.2,1647037097833
0.0,0.0,4.35,14.2,1647037097876
0.0,0.0,4.35,14.2,1647037097956
35.1623420715332,139.615478515625,4.35,14.2,1647037097956
0.0,0.0,4.339,14.2,1647037098019
0.0,0.0,4.36,14.2,1647037098085
0.0,0.0,4.36,14.2,1647037098156
0.0,0.0,4.36,14.2,1647037098224
0.0,0.0,4.36,14.2,1647037098296
0.0,0.0,4.37,14.2,1647037098383
0.0,0.0,4.37,14.2,1647037098434
0.0,0.0,4.37,14.2,1647037098506
0.0,0.0,4.381,14.2,1647037098577
0.0,0.0,4.391,14.2,1647037098647
0.0,0.0,4.391,14.2,1647037098716
0.0,0.0,4.391,14.2,1647037098789
0.0,0.0,4.402,14.2,1647037098858
0.0,0.0,4.412,14.2,1647037098965
35.162349700927734,139.615478515625,4.412,14.2,1647037098965
0.0,0.0,4.412,14.2,1647037098998
0.0,0.0,4.402,14.2,1647037099086
0.0,0.0,4.402,14.2,1647037099228
0.0,0.0,4.402,14.2,1647037099389
0.0,0.0,4.402,14.2,1647037099406
0.0,0.0,4.402,14.2,1647037099419
0.0,0.0,4.402,14.2,1647037099502
0.0,0.0,4.422,14.2,1647037099557
0.0,0.0,4.412,14.2,1647037099697
0.0,0.0,4.402,14.2,1647037099709
0.0,0.0,4.412,14.2,1647037099765
0.0,0.0,4.402,14.2,1647037099872
0.0,0.0,4.412,14.2,1647037099917
35.162357330322266,139.61546325683594,4.412,14.2,1647037099917
0.0,0.0,4.402,14.2,1647037100007
0.0,0.0,4.422,14.4,1647037100073
0.0,0.0,4.422,14.4,1647037100118
0.0,0.0,4.422,14.4,1647037100217
0.0,0.0,4.422,14.4,1647037100258
0.0,0.0,4.422,14.4,1647037100329
0.0,0.0,4.412,14.4,1647037100395
0.0,0.0,4.412,14.4,1647037100487
0.0,0.0,4.412,14.4,1647037100536
0.0,0.0,4.412,14.4,1647037100611
0.0,0.0,4.412,14.4,1647037100716
0.0,0.0,4.412,14.4,1647037100759
0.0,0.0,4.412,14.4,1647037100819
0.0,0.0,4.391,14.4,1647037100888
0.0,0.0,4.391,14.4,1647037100975
35.16236877441406,139.61546325683594,4.391,14.4,1647037100975
0.0,0.0,4.391,14.4,1647037101029
0.0,0.0,4.381,14.4,1647037101097
0.0,0.0,4.381,14.4,1647037101166
0.0,0.0,4.381,14.4,1647037101235
0.0,0.0,4.381,14.4,1647037101304
0.0,0.0,4.37,14.4,1647037101378
0.0,0.0,4.37,14.4,1647037101450
0.0,0.0,4.381,14.4,1647037101519
0.0,0.0,4.391,14.4,1647037101588
0.0,0.0,4.391,14.4,1647037101656
0.0,0.0,4.412,14.4,1647037101727
0.0,0.0,4.412,14.4,1647037101799
0.0,0.0,4.422,14.4,1647037101869
0.0,0.0,4.433,14.4,1647037101937
35.16238021850586,139.61544799804688,4.433,14.4,1647037101937
0.0,0.0,4.454,14.4,1647037102005
0.0,0.0,4.464,14.4,1647037102076
0.0,0.0,4.464,14.4,1647037102145
0.0,0.0,4.464,14.4,1647037102215
0.0,0.0,4.475,14.4,1647037102313
0.0,0.0,4.464,14.4,1647037102356
0.0,0.0,4.464,14.4,1647037102424
0.0,0.0,4.454,14.4,1647037102496
0.0,0.0,4.433,14.4,1647037102567
0.0,0.0,4.433,14.4,1647037102638
0.0,0.0,4.443,14.4,1647037102712
0.0,0.0,4.433,14.4,1647037102779
0.0,0.0,4.422,14.4,1647037102848
0.0,0.0,4.422,14.4,1647037102918
35.162391662597656,139.61544799804688,4.422,14.4,1647037102918
0.0,0.0,4.412,14.4,1647037102985
0.0,0.0,4.422,14.4,1647037103064
0.0,0.0,4.433,14.4,1647037103133
0.0,0.0,4.433,14.4,1647037103333
0.0,0.0,4.433,14.4,1647037103336
0.0,0.0,4.433,14.4,1647037103343
0.0,0.0,4.433,14.4,1647037103405
0.0,0.0,4.443,14.4,1647037103506
0.0,0.0,4.443,14.4,1647037103546
0.0,0.0,4.443,14.4,1647037103619
0.0,0.0,4.443,14.4,1647037103688
0.0,0.0,4.443,14.4,1647037103764
0.0,0.0,4.443,14.4,1647037103856
0.0,0.0,4.443,14.4,1647037103900
0.0,0.0,4.433,14.4,1647037103969
35.16239929199219,139.61544799804688,4.433,14.4,1647037103969
0.0,0.0,4.433,14.4,1647037104036
0.0,0.0,4.443,14.4,1647037104123
0.0,0.0,4.443,14.4,1647037104174
0.0,0.0,4.454,14.4,1647037104245
0.0,0.0,4.454,14.4,1647037104315
0.0,0.0,4.454,14.4,1647037104391
0.0,0.0,4.454,14.4,1647037104485
0.0,0.0,4.464,14.4,1647037104530
0.0,0.0,4.464,14.4,1647037104598
0.0,0.0,4.454,14.4,1647037104666
0.0,0.0,4.464,14.4,1647037104738
0.0,0.0,4.464,14.4,1647037104807
0.0,0.0,4.464,14.4,1647037104880
0.0,0.0,4.454,14.4,1647037104947
35.16240692138672,139.6154327392578,4.454,14.4,1647037104947
0.0,0.0,4.454,14.4,1647037105014
0.0,0.0,4.454,14.4,1647037105085
0.0,0.0,4.454,14.4,1647037105155
0.0,0.0,4.454,14.4,1647037105225
0.0,0.0,4.454,14.4,1647037105296
0.0,0.0,4.454,14.4,1647037105367
0.0,0.0,4.454,14.4,1647037105440
0.0,0.0,4.454,14.4,1647037105507
0.0,0.0,4.443,14.4,1647037105577
0.0,0.0,4.454,14.4,1647037105647
0.0,0.0,4.464,14.4,1647037105717
0.0,0.0,4.464,14.4,1647037105788
0.0,0.0,4.464,14.4,1647037105857
0.0,0.0,4.464,14.4,1647037105926
0.0,0.0,4.464,14.4,1647037105997
0.0,0.0,4.464,14.4,1647037106068
0.0,0.0,4.454,14.4,1647037106141
0.0,0.0,4.454,14.4,1647037106208
0.0,0.0,4.454,14.4,1647037106279
0.0,0.0,4.443,14.4,1647037106344
0.0,0.0,4.443,14.4,1647037106426
0.0,0.0,4.454,14.4,1647037106485
0.0,0.0,4.454,14.4,1647037106555
0.0,0.0,4.454,14.4,1647037106629
0.0,0.0,4.454,14.4,1647037106699
0.0,0.0,4.454,14.4,1647037106768
0.0,0.0,4.454,14.4,1647037106839
0.0,0.0,4.464,14.4,1647037106907
0.0,0.0,4.475,14.4,1647037106977
35.16242218017578,139.6154327392578,4.475,14.4,1647037106977
0.0,0.0,4.485,14.4,1647037107044
0.0,0.0,4.485,14.4,1647037107117
0.0,0.0,4.485,14.4,1647037107187
0.0,0.0,4.485,14.4,1647037107260
0.0,0.0,4.495,14.4,1647037107326
0.0,0.0,4.495,14.4,1647037107398
0.0,0.0,4.495,14.4,1647037107469
0.0,0.0,4.506,14.4,1647037107539
0.0,0.0,4.506,14.4,1647037107613
0.0,0.0,4.495,14.4,1647037107693
0.0,0.0,4.495,14.4,1647037107782
0.0,0.0,4.506,14.4,1647037107819
0.0,0.0,4.495,14.4,1647037107890
0.0,0.0,4.475,14.4,1647037107961
0.0,0.0,4.475,14.4,1647037108050
0.0,0.0,4.475,14.4,1647037108095
0.0,0.0,4.464,14.4,1647037108166
0.0,0.0,4.464,14.4,1647037108234
0.0,0.0,4.454,14.4,1647037108319
0.0,0.0,4.464,14.4,1647037108407
0.0,0.0,4.454,14.4,1647037108446
0.0,0.0,4.464,14.4,1647037108517
0.0,0.0,4.454,14.4,1647037108591
0.0,0.0,4.454,14.4,1647037108658
0.0,0.0,4.464,14.4,1647037108728
0.0,0.0,4.464,14.4,1647037108799
0.0,0.0,4.485,14.4,1647037108867
0.0,0.0,4.485,14.4,1647037108938
35.16243362426758,139.61541748046875,4.485,14.4,1647037108938
0.0,0.0,4.495,14.4,1647037109004
0.0,0.0,4.495,14.4,1647037109080
0.0,0.0,4.506,14.4,1647037109147
0.0,0.0,4.506,14.4,1647037109216
0.0,0.0,4.516,14.4,1647037109288
0.0,0.0,4.506,14.4,1647037109358
0.0,0.0,4.506,14.4,1647037109427
0.0,0.0,4.506,14.4,1647037109497
0.0,0.0,4.485,14.4,1647037109567
0.0,0.0,4.485,14.4,1647037109639
0.0,0.0,4.475,14.4,1647037109708
0.0,0.0,4.475,14.4,1647037109781
0.0,0.0,4.475,14.4,1647037109847
0.0,0.0,4.464,14.4,1647037109918
35.162437438964844,139.6154022216797,4.464,14.4,1647037109918
0.0,0.0,4.454,14.4,1647037109984
0.0,0.0,4.454,14.4,1647037110055
0.0,0.0,4.454,14.4,1647037110124
0.0,0.0,4.454,14.4,1647037110199
0.0,0.0,4.454,14.4,1647037110265
0.0,0.0,4.454,14.4,1647037110335
0.0,0.0,4.464,14.4,1647037110406
0.0,0.0,4.475,14.4,1647037110476
0.0,0.0,4.475,14.4,1647037110548
0.0,0.0,4.464,14.4,1647037110620
0.0,0.0,4.464,14.4,1647037110685
0.0,0.0,4.464,14.4,1647037110757
0.0,0.0,4.464,14.4,1647037110827
0.0,0.0,4.475,14.4,1647037110898
0.0,0.0,4.464,14.4,1647037110967
0.0,0.0,4.475,14.4,1647037111037
0.0,0.0,4.475,14.4,1647037111104
0.0,0.0,4.475,14.4,1647037111176
0.0,0.0,4.475,14.4,1647037111267
0.0,0.0,4.454,14.4,1647037111344
0.0,0.0,4.464,14.4,1647037111385
0.0,0.0,4.464,14.4,1647037111457
0.0,0.0,4.475,14.4,1647037111527
0.0,0.0,4.475,14.4,1647037111617
0.0,0.0,4.485,14.4,1647037111669
0.0,0.0,4.485,14.4,1647037111739
0.0,0.0,4.485,14.4,1647037111807
0.0,0.0,4.485,14.4,1647037111890
0.0,0.0,4.485,14.4,1647037111977
35.16244888305664,139.61538696289062,4.485,14.4,1647037111977
0.0,0.0,4.485,14.4,1647037112019
0.0,0.0,4.485,14.4,1647037112087
0.0,0.0,4.485,14.4,1647037112156
0.0,0.0,4.475,14.4,1647037112248
0.0,0.0,4.485,14.4,1647037112297
0.0,0.0,4.485,14.4,1647037112367
0.0,0.0,4.485,14.4,1647037112438
0.0,0.0,4.485,14.4,1647037112507
0.0,0.0,4.485,14.4,1647037112578
0.0,0.0,4.485,14.4,1647037112647
0.0,0.0,4.485,14.4,1647037112717
0.0,0.0,4.495,14.4,1647037112788
0.0,0.0,4.495,14.4,1647037112857
0.0,0.0,4.495,14.4,1647037112928
0.0,0.0,4.485,14.4,1647037112997
0.0,0.0,4.475,14.4,1647037113066
0.0,0.0,4.475,14.4,1647037113134
0.0,0.0,4.475,14.4,1647037113204
0.0,0.0,4.475,14.4,1647037113275
0.0,0.0,4.464,14.4,1647037113348
0.0,0.0,4.464,14.4,1647037113415
0.0,0.0,4.464,14.4,1647037113486
0.0,0.0,4.464,14.4,1647037113557
0.0,0.0,4.464,14.4,1647037113629
0.0,0.0,4.454,14.4,1647037113698
0.0,0.0,4.464,14.4,1647037113767
0.0,0.0,4.475,14.4,1647037113838
0.0,0.0,4.485,14.4,1647037113907
0.0,0.0,4.495,14.4,1647037113976
35.16245651245117,139.61537170410156,4.495,14.4,1647037113976
0.0,0.0,4.495,14.4,1647037114045
0.0,0.0,4.506,14.4,1647037114116
0.0,0.0,4.516,14.4,1647037114186
0.0,0.0,4.527,14.4,1647037114255
0.0,0.0,4.527,14.4,1647037114329
0.0,0.0,4.527,14.4,1647037114398
0.0,0.0,4.537,14.4,1647037114467
0.0,0.0,4.537,14.4,1647037114539
0.0,0.0,4.527,14.4,1647037114607
0.0,0.0,4.506,14.4,1647037114676
0.0,0.0,4.495,14.4,1647037114747
0.0,0.0,4.485,14.4,1647037114817
0.0,0.0,4.475,14.4,1647037114887
0.0,0.0,4.454,14.4,1647037114959
35.1624641418457,139.6153564453125,4.454,14.4,1647037114959
0.0,0.0,4.454,14.4,1647037115027
0.0,0.0,4.443,14.4,1647037115098
0.0,0.0,4.422,14.4,1647037115210
0.0,0.0,4.422,14.4,1647037115234
0.0,0.0,4.412,14.4,1647037115313
0.0,0.0,4.412,14.4,1647037115377
0.0,0.0,4.412,14.4,1647037115447
0.0,0.0,4.412,14.4,1647037115516
0.0,0.0,4.422,14.4,1647037115587
0.0,0.0,4.422,14.4,1647037115658
0.0,0.0,4.433,14.4,1647037115728
0.0,0.0,4.443,14.4,1647037115798
0.0,0.0,4.443,14.4,1647037115867
0.0,0.0,4.454,14.4,1647037115937
35.16246795654297,139.6153564453125,4.454,14.4,1647037115937
0.0,0.0,4.443,14.4,1647037116009
0.0,0.0,4.443,14.4,1647037116089
0.0,0.0,4.443,14.4,1647037116177
0.0,0.0,4.443,14.4,1647037116214
0.0,0.0,4.443,14.4,1647037116312
0.0,0.0,4.454,14.4,1647037116427
0.0,0.0,4.464,14.4,1647037116430
0.0,0.0,4.464,14.4,1647037116587
0.0,0.0,4.464,14.4,1647037116592
0.0,0.0,4.475,14.4,1647037116736
0.0,0.0,4.475,14.4,1647037116742
0.0,0.0,4.475,14.4,1647037116776
0.0,0.0,4.475,14.4,1647037116899
0.0,0.0,4.485,14.4,1647037116918
35.1624755859375,139.61534118652344,4.485,14.4,1647037116918
0.0,0.0,4.485,14.4,1647037117007
0.0,0.0,4.485,14.4,1647037117101
0.0,0.0,4.485,14.4,1647037117124
0.0,0.0,4.475,14.4,1647037117217
0.0,0.0,4.464,14.4,1647037117269
0.0,0.0,4.464,14.4,1647037117383
0.0,0.0,4.454,14.4,1647037117406
0.0,0.0,4.443,14.4,1647037117506
0.0,0.0,4.433,14.4,1647037117545
0.0,0.0,4.422,14.4,1647037117628
0.0,0.0,4.422,14.4,1647037117722
0.0,0.0,4.412,14.4,1647037117755
0.0,0.0,4.402,14.4,1647037117835
0.0,0.0,4.391,14.4,1647037117896
35.16248321533203,139.61532592773438,4.391,14.4,1647037117896
0.0,0.0,4.391,14.4,1647037118003
0.0,0.0,4.391,14.4,1647037118039
0.0,0.0,4.391,14.4,1647037118105
0.0,0.0,4.402,14.4,1647037118181
0.0,0.0,4.402,14.4,1647037118244
0.0,0.0,4.402,14.4,1647037118315
0.0,0.0,4.412,14.4,1647037118387
0.0,0.0,4.422,14.4,1647037118456
0.0,0.0,4.422,14.4,1647037118545
0.0,0.0,4.433,14.4,1647037118598
0.0,0.0,4.443,14.4,1647037118666
0.0,0.0,4.443,14.4,1647037118737
0.0,0.0,4.443,14.4,1647037118807
0.0,0.0,4.443,14.4,1647037118880
0.0,0.0,4.454,14.4,1647037118961
35.1624870300293,139.6153106689453,4.454,14.4,1647037118961
0.0,0.0,4.454,14.4,1647037119014
0.0,0.0,4.443,14.4,1647037119084
0.0,0.0,4.443,14.4,1647037119155
0.0,0.0,4.443,14.4,1647037119225
0.0,0.0,4.443,14.4,1647037119294
0.0,0.0,4.433,14.4,1647037119367
0.0,0.0,4.422,14.4,1647037119438
0.0,0.0,4.412,14.4,1647037119504
0.0,0.0,4.412,14.4,1647037119577
0.0,0.0,4.412,14.4,1647037119649
0.0,0.0,4.402,14.4,1647037119718
0.0,0.0,4.402,14.4,1647037119791
0.0,0.0,4.402,14.4,1647037119857
0.0,0.0,4.412,14.4,1647037119928
35.16249465942383,139.61529541015625,4.412,14.4,1647037119928
0.0,0.0,4.422,14.4,1647037120014
0.0,0.0,4.422,14.4,1647037120098
0.0,0.0,4.422,14.4,1647037120134
0.0,0.0,4.433,14.4,1647037120206
0.0,0.0,4.443,14.4,1647037120274
0.0,0.0,4.454,14.4,1647037120368
0.0,0.0,4.454,14.4,1647037120416
0.0,0.0,4.454,14.4,1647037120487
0.0,0.0,4.464,14.4,1647037120557
0.0,0.0,4.464,14.4,1647037120637
0.0,0.0,4.454,14.4,1647037120731
0.0,0.0,4.443,14.4,1647037120770
0.0,0.0,4.443,14.4,1647037120836
0.0,0.0,4.443,14.4,1647037120908
35.162498474121094,139.6152801513672,4.443,14.4,1647037120908
0.0,0.0,4.443,14.4,1647037120991
0.0,0.0,4.443,14.4,1647037121044
0.0,0.0,4.433,14.4,1647037121114
0.0,0.0,4.433,14.4,1647037121184
0.0,0.0,4.443,14.4,1647037121260
0.0,0.0,4.443,14.4,1647037121324
0.0,0.0,4.433,14.4,1647037121397
0.0,0.0,4.433,14.4,1647037121467
0.0,0.0,4.443,14.4,1647037121539
0.0,0.0,4.454,14.4,1647037121607
0.0,0.0,4.454,14.4,1647037121676
0.0,0.0,4.464,14.4,1647037121747
0.0,0.0,4.464,14.4,1647037121817
0.0,0.0,4.464,14.4,1647037122019
35.16250228881836,139.6152801513672,4.464,14.4,1647037122019
0.0,0.0,4.454,14.4,1647037122026
0.0,0.0,4.464,14.4,1647037122150
0.0,0.0,4.443,14.4,1647037122152
0.0,0.0,4.443,14.4,1647037122168
0.0,0.0,4.443,14.4,1647037122234
0.0,0.0,4.433,14.4,1647037122306
0.0,0.0,4.422,14.4,1647037122380
0.0,0.0,4.422,14.4,1647037122443
0.0,0.0,4.422,14.4,1647037122517
0.0,0.0,4.412,14.4,1647037122588
0.0,0.0,4.412,14.4,1647037122660
0.0,0.0,4.402,14.4,1647037122727
0.0,0.0,4.402,14.4,1647037122797
0.0,0.0,4.402,14.4,1647037122869
0.0,0.0,4.391,14.4,1647037122940
35.162506103515625,139.61526489257812,4.391,14.4,1647037122940
0.0,0.0,4.37,14.4,1647037123005
0.0,0.0,4.381,14.4,1647037123076
0.0,0.0,4.37,14.4,1647037123145
0.0,0.0,4.37,14.4,1647037123214
0.0,0.0,4.36,14.4,1647037123284
0.0,0.0,4.36,14.4,1647037123357
0.0,0.0,4.36,14.4,1647037123427
0.0,0.0,4.36,14.4,1647037123497
0.0,0.0,4.37,14.4,1647037123567
0.0,0.0,4.36,14.4,1647037123637
0.0,0.0,4.36,14.4,1647037123780
0.0,0.0,4.36,14.4,1647037123785
0.0,0.0,4.37,14.4,1647037123847
0.0,0.0,4.37,14.4,1647037123918
35.16250991821289,139.61524963378906,4.37,14.4,1647037123918
0.0,0.0,4.36,14.4,1647037123988
0.0,0.0,4.37,14.4,1647037124055
0.0,0.0,4.36,14.4,1647037124134
0.0,0.0,4.35,14.4,1647037124215
0.0,0.0,4.36,14.4,1647037124299
0.0,0.0,4.36,14.4,1647037124335
0.0,0.0,4.339,14.4,1647037124412
0.0,0.0,4.339,14.4,1647037124491
0.0,0.0,4.339,14.4,1647037124577
0.0,0.0,4.339,14.4,1647037124618
0.0,0.0,4.35,14.4,1647037124688
0.0,0.0,4.35,14.4,1647037124756
0.0,0.0,4.36,14.4,1647037124848
0.0,0.0,4.37,14.4,1647037124900
0.0,0.0,4.381,14.4,1647037124972
35.16251754760742,139.615234375,4.381,14.4,1647037124972
0.0,0.0,4.402,14.4,1647037125034
0.0,0.0,4.402,14.4,1647037125116
0.0,0.0,4.412,14.4,1647037125176
0.0,0.0,4.433,14.4,1647037125245
0.0,0.0,4.433,14.4,1647037125317
0.0,0.0,4.422,14.4,1647037125387
0.0,0.0,4.412,14.4,1647037125457
0.0,0.0,4.402,14.4,1647037125528
0.0,0.0,4.402,14.4,1647037125597
0.0,0.0,4.391,14.4,1647037125667
0.0,0.0,4.37,14.4,1647037125737
0.0,0.0,4.36,14.4,1647037125808
0.0,0.0,4.35,14.4,1647037125881
0.0,0.0,4.35,14.4,1647037125954
35.16252136230469,139.61521911621094,4.35,14.4,1647037125954
0.0,0.0,4.339,14.4,1647037126014
0.0,0.0,4.329,14.4,1647037126084
0.0,0.0,4.329,14.4,1647037126157
0.0,0.0,4.339,14.4,1647037126224
0.0,0.0,4.339,14.4,1647037126295
0.0,0.0,4.339,14.4,1647037126369
0.0,0.0,4.339,14.4,1647037126437
0.0,0.0,4.339,14.4,1647037126506
0.0,0.0,4.339,14.4,1647037126578
0.0,0.0,4.339,14.4,1647037126647
0.0,0.0,4.339,14.4,1647037126720
0.0,0.0,4.35,14.4,1647037126792
0.0,0.0,4.35,14.4,1647037126857
0.0,0.0,4.36,14.4,1647037126927
35.16252899169922,139.61520385742188,4.36,14.4,1647037126927
0.0,0.0,4.37,14.4,1647037126995
0.0,0.0,4.36,14.4,1647037127067
0.0,0.0,4.37,14.4,1647037127134
0.0,0.0,4.37,14.4,1647037127205
0.0,0.0,4.381,14.4,1647037127275
0.0,0.0,4.391,14.4,1647037127344
0.0,0.0,4.402,14.4,1647037127416
0.0,0.0,4.412,14.4,1647037127487
0.0,0.0,4.422,14.4,1647037127558
0.0,0.0,4.422,14.4,1647037127627
0.0,0.0,4.433,14.4,1647037127698
0.0,0.0,4.433,14.4,1647037127769
0.0,0.0,4.433,14.4,1647037127837
0.0,0.0,4.443,14.4,1647037127909
0.0,0.0,4.433,14.4,1647037127979
35.162532806396484,139.61520385742188,4.433,14.4,1647037127979
0.0,0.0,4.443,14.4,1647037128043
0.0,0.0,4.443,14.4,1647037128116
0.0,0.0,4.454,14.4,1647037128188
0.0,0.0,4.443,14.4,1647037128254
0.0,0.0,4.454,14.4,1647037128339
0.0,0.0,4.443,14.4,1647037128465
0.0,0.0,4.443,14.4,1647037128538
0.0,0.0,4.433,14.4,1647037128611
0.0,0.0,4.422,14.4,1647037128703
0.0,0.0,4.412,14.4,1647037128747
0.0,0.0,4.412,14.4,1647037128818
0.0,0.0,4.412,14.4,1647037128886
0.0,0.0,4.402,14.4,1647037128974
35.16253662109375,139.6151885986328,4.402,14.4,1647037128974
0.0,0.0,4.391,14.4,1647037129024
0.0,0.0,4.381,14.4,1647037129096
0.0,0.0,4.37,14.4,1647037129165
0.0,0.0,4.37,14.4,1647037129234
0.0,0.0,4.35,14.4,1647037129305
0.0,0.0,4.36,14.4,1647037129377
0.0,0.0,4.36,14.4,1647037129447
0.0,0.0,4.37,14.4,1647037129518
0.0,0.0,4.381,14.4,1647037129587
0.0,0.0,4.381,14.4,1647037129657
0.0,0.0,4.381,14.4,1647037129727
0.0,0.0,4.391,14.4,1647037129797
0.0,0.0,4.402,14.4,1647037129867
0.0,0.0,4.402,14.4,1647037129937
35.162540435791016,139.61517333984375,4.402,14.4,1647037129937
0.0,0.0,4.412,14.4,1647037130005
0.0,0.0,4.422,14.4,1647037130074
0.0,0.0,4.433,14.4,1647037130145
0.0,0.0,4.422,14.4,1647037130219
0.0,0.0,4.422,14.4,1647037130285
0.0,0.0,4.422,14.4,1647037130374
0.0,0.0,4.402,14.4,1647037130424
0.0,0.0,4.402,14.4,1647037130495
0.0,0.0,4.391,14.4,1647037130566
0.0,0.0,4.391,14.4,1647037130635
0.0,0.0,4.381,14.4,1647037130706
0.0,0.0,4.37,14.4,1647037130777
0.0,0.0,4.37,14.4,1647037130847
0.0,0.0,4.36,14.4,1647037130917
0.0,0.0,4.36,14.4,1647037130986
35.16254806518555,139.61517333984375,4.36,14.4,1647037130986
0.0,0.0,4.36,14.4,1647037131053
0.0,0.0,4.35,14.4,1647037131124
0.0,0.0,4.339,14.4,1647037131195
0.0,0.0,4.329,14.4,1647037131329
0.0,0.0,4.329,14.4,1647037131341
0.0,0.0,4.318,14.4,1647037131403
0.0,0.0,4.308,14.4,1647037131480
0.0,0.0,4.308,14.4,1647037131546
0.0,0.0,4.308,14.4,1647037131616
0.0,0.0,4.298,14.4,1647037131685
0.0,0.0,4.298,14.4,1647037131759
0.0,0.0,4.298,14.4,1647037131827
0.0,0.0,4.298,14.4,1647037131897
0.0,0.0,4.287,14.4,1647037131968
0.0,0.0,4.298,14.4,1647037132046
0.0,0.0,4.287,14.4,1647037132122
0.0,0.0,4.298,14.4,1647037132176
0.0,0.0,4.308,14.4,1647037132244
0.0,0.0,4.298,14.4,1647037132314
0.0,0.0,4.287,14.4,1647037132392
0.0,0.0,4.287,14.4,1647037132482
0.0,0.0,4.298,14.4,1647037132527
0.0,0.0,4.277,14.4,1647037132598
0.0,0.0,4.287,14.4,1647037132668
0.0,0.0,4.298,14.4,1647037132755
0.0,0.0,4.298,14.4,1647037132807
0.0,0.0,4.308,14.4,1647037132878
0.0,0.0,4.308,14.4,1647037132956
35.162559509277344,139.61514282226562,4.308,14.4,1647037132956
0.0,0.0,4.308,14.4,1647037133026
0.0,0.0,4.318,14.4,1647037133087
0.0,0.0,4.329,14.4,1647037133157
0.0,0.0,4.339,14.4,1647037133225
0.0,0.0,4.339,14.4,1647037133297
0.0,0.0,4.339,14.4,1647037133367
0.0,0.0,4.36,14.4,1647037133436
0.0,0.0,4.37,14.4,1647037133507
0.0,0.0,4.37,14.4,1647037133577
0.0,0.0,4.36,14.4,1647037133648
0.0,0.0,4.35,14.4,1647037133718
0.0,0.0,4.36,14.4,1647037133787
0.0,0.0,4.35,14.4,1647037133858
0.0,0.0,4.339,14.4,1647037133927
35.162567138671875,139.61514282226562,4.339,14.4,1647037133927
0.0,0.0,4.318,14.4,1647037133995
0.0,0.0,4.308,14.4,1647037134064
0.0,0.0,4.308,14.4,1647037134136
0.0,0.0,4.298,14.4,1647037134206
0.0,0.0,4.298,14.4,1647037134274
0.0,0.0,4.287,14.4,1647037134346
0.0,0.0,4.277,14.4,1647037134417
0.0,0.0,4.277,14.4,1647037134486
0.0,0.0,4.287,14.4,1647037134555
0.0,0.0,4.298,14.4,1647037134632
0.0,0.0,4.308,14.4,1647037134699
0.0,0.0,4.318,14.4,1647037134770
0.0,0.0,4.329,14.4,1647037134837
0.0,0.0,4.329,14.4,1647037134907
0.0,0.0,4.339,14.4,1647037134975
35.16257095336914,139.61512756347656,4.339,14.4,1647037134975
0.0,0.0,4.339,14.4,1647037135044
0.0,0.0,4.35,14.4,1647037135114
0.0,0.0,4.35,14.4,1647037135187
0.0,0.0,4.36,14.4,1647037135257
0.0,0.0,4.36,14.4,1647037135325
0.0,0.0,4.36,14.4,1647037135395
0.0,0.0,4.36,14.4,1647037135467
0.0,0.0,4.36,14.4,1647037135538
0.0,0.0,4.36,14.4,1647037135607
0.0,0.0,4.36,14.4,1647037135677
0.0,0.0,4.36,14.4,1647037135748
0.0,0.0,4.37,14.4,1647037135849
0.0,0.0,4.36,14.4,1647037135891
0.0,0.0,4.36,14.4,1647037135958
0.0,0.0,4.36,14.6,1647037136027
0.0,0.0,4.37,14.6,1647037136104
0.0,0.0,4.37,14.6,1647037136309
0.0,0.0,4.36,14.6,1647037136316
0.0,0.0,4.36,14.6,1647037136317
0.0,0.0,4.36,14.6,1647037136454
0.0,0.0,4.35,14.6,1647037136459
0.0,0.0,4.35,14.6,1647037136605
0.0,0.0,4.35,14.6,1647037136611
0.0,0.0,4.339,14.6,1647037136763
0.0,0.0,4.339,14.6,1647037136768
0.0,0.0,4.339,14.6,1647037136797
0.0,0.0,4.339,14.6,1647037136879
0.0,0.0,4.339,14.6,1647037136973
35.1625862121582,139.6151123046875,4.339,14.6,1647037136973
0.0,0.0,4.339,14.6,1647037137006
0.0,0.0,4.36,14.6,1647037137085
0.0,0.0,4.36,14.6,1647037137149
0.0,0.0,4.36,14.6,1647037137249
0.0,0.0,4.37,14.6,1647037137285
0.0,0.0,4.37,14.6,1647037137371
0.0,0.0,4.37,14.6,1647037137467
0.0,0.0,4.381,14.6,1647037137500
0.0,0.0,4.381,14.6,1647037137587
0.0,0.0,4.381,14.6,1647037137683
0.0,0.0,4.381,14.6,1647037137708
0.0,0.0,4.381,14.6,1647037137803
0.0,0.0,4.381,14.6,1647037137846
0.0,0.0,4.391,14.6,1647037137989
35.162593841552734,139.61509704589844,4.391,14.6,1647037137989
0.0,0.0,4.402,14.6,1647037138055
0.0,0.0,4.391,14.6,1647037138124
0.0,0.0,4.391,14.6,1647037138194
0.0,0.0,4.391,14.6,1647037138265
0.0,0.0,4.391,14.6,1647037138338
0.0,0.0,4.412,14.6,1647037138405
0.0,0.0,4.402,14.6,1647037138475
0.0,0.0,4.402,14.6,1647037138547
0.0,0.0,4.402,14.6,1647037138615
0.0,0.0,4.402,14.6,1647037138688
0.0,0.0,4.402,14.6,1647037138759
0.0,0.0,4.391,14.6,1647037138828
0.0,0.0,4.381,14.6,1647037138897
0.0,0.0,4.381,14.6,1647037138966
0.0,0.0,4.37,14.6,1647037139038
0.0,0.0,4.37,14.6,1647037139107
0.0,0.0,4.36,14.6,1647037139176
0.0,0.0,4.35,14.6,1647037139335
0.0,0.0,4.35,14.6,1647037139339
0.0,0.0,4.339,14.6,1647037139385
0.0,0.0,4.339,14.6,1647037139456
0.0,0.0,4.339,14.6,1647037139526
0.0,0.0,4.35,14.6,1647037139596
0.0,0.0,4.36,14.6,1647037139667
0.0,0.0,4.36,14.6,1647037139736
0.0,0.0,4.37,14.6,1647037139808
0.0,0.0,4.37,14.6,1647037139876
0.0,0.0,4.381,14.6,1647037139958
35.1626091003418,139.61508178710938,4.381,14.6,1647037139958
0.0,0.0,4.391,14.6,1647037140015
0.0,0.0,4.412,14.6,1647037140086
0.0,0.0,4.412,14.6,1647037140156
0.0,0.0,4.422,14.6,1647037140226
0.0,0.0,4.433,14.6,1647037140297
0.0,0.0,4.443,14.6,1647037140367
0.0,0.0,4.433,14.6,1647037140438
0.0,0.0,4.433,14.6,1647037140537
0.0,0.0,4.443,14.6,1647037140575
0.0,0.0,4.433,14.6,1647037140651
0.0,0.0,4.443,14.6,1647037140720
0.0,0.0,4.433,14.6,1647037140804
0.0,0.0,4.433,14.6,1647037140892
0.0,0.0,4.422,14.6,1647037140927
0.0,0.0,4.422,14.6,1647037140998
0.0,0.0,4.402,14.6,1647037141067
0.0,0.0,4.391,14.6,1647037141161
0.0,0.0,4.37,14.6,1647037141208
0.0,0.0,4.36,14.6,1647037141276
0.0,0.0,4.35,14.6,1647037141348
0.0,0.0,4.329,14.6,1647037141422
0.0,0.0,4.329,14.6,1647037141511
0.0,0.0,4.318,14.6,1647037141555
0.0,0.0,4.318,14.6,1647037141627
0.0,0.0,4.318,14.6,1647037141698
0.0,0.0,4.318,14.6,1647037141767
0.0,0.0,4.318,14.6,1647037141836
0.0,0.0,4.329,14.6,1647037141910
0.0,0.0,4.35,14.6,1647037141976
35.162620544433594,139.6150665283203,4.35,14.6,1647037141976
0.0,0.0,4.36,14.6,1647037142045
0.0,0.0,4.37,14.6,1647037142117
0.0,0.0,4.391,14.6,1647037142186
0.0,0.0,4.391,14.6,1647037142256
0.0,0.0,4.402,14.6,1647037142326
0.0,0.0,4.412,14.6,1647037142398
0.0,0.0,4.412,14.6,1647037142467
0.0,0.0,4.402,14.6,1647037142538
0.0,0.0,4.402,14.6,1647037142609
0.0,0.0,4.402,14.6,1647037142677
0.0,0.0,4.381,14.6,1647037142747
0.0,0.0,4.37,14.6,1647037142818
0.0,0.0,4.37,14.6,1647037142887
0.0,0.0,4.37,14.6,1647037142967
35.162628173828125,139.6150665283203,4.37,14.6,1647037142967
0.0,0.0,4.37,14.6,1647037143024
0.0,0.0,4.37,14.6,1647037143093
0.0,0.0,4.37,14.6,1647037143164
0.0,0.0,4.37,14.6,1647037143234
0.0,0.0,4.381,14.6,1647037143305
0.0,0.0,4.381,14.6,1647037143378
0.0,0.0,4.391,14.6,1647037143446
0.0,0.0,4.402,14.6,1647037143519
0.0,0.0,4.402,14.6,1647037143585
0.0,0.0,4.412,14.6,1647037143657
0.0,0.0,4.402,14.6,1647037143727
0.0,0.0,4.391,14.6,1647037143797
0.0,0.0,4.391,14.6,1647037143867
0.0,0.0,4.381,14.6,1647037143939
0.0,0.0,4.37,14.6,1647037144007
0.0,0.0,4.37,14.6,1647037144076
0.0,0.0,4.37,14.6,1647037144147
0.0,0.0,4.36,14.6,1647037144215
0.0,0.0,4.36,14.6,1647037144284
0.0,0.0,4.36,14.6,1647037144356
0.0,0.0,4.36,14.6,1647037144423
0.0,0.0,4.36,14.6,1647037144494
0.0,0.0,4.37,14.6,1647037144566
0.0,0.0,4.381,14.6,1647037144636
0.0,0.0,4.381,14.6,1647037144705
0.0,0.0,4.402,14.6,1647037144794
0.0,0.0,4.412,14.6,1647037144846
0.0,0.0,4.412,14.6,1647037144918
35.16263961791992,139.61505126953125,4.412,14.6,1647037144918
0.0,0.0,4.412,14.6,1647037144987
0.0,0.0,4.412,14.6,1647037145062
0.0,0.0,4.422,14.6,1647037145153
0.0,0.0,4.422,14.6,1647037145196
0.0,0.0,4.422,14.6,1647037145268
0.0,0.0,4.422,14.6,1647037145337
0.0,0.0,4.422,14.6,1647037145426
0.0,0.0,4.422,14.6,1647037145477
0.0,0.0,4.412,14.6,1647037145548
0.0,0.0,4.412,14.6,1647037145618
0.0,0.0,4.422,14.6,1647037145687
0.0,0.0,4.422,14.6,1647037145759
0.0,0.0,4.422,14.6,1647037145827
0.0,0.0,4.422,14.6,1647037145897
0.0,0.0,4.412,14.6,1647037145977
35.16265106201172,139.61505126953125,4.412,14.6,1647037145977
0.0,0.0,4.412,14.6,1647037146036
0.0,0.0,4.412,14.6,1647037146104
0.0,0.0,4.422,14.6,1647037146174
0.0,0.0,4.422,14.6,1647037146246
0.0,0.0,4.422,14.6,1647037146315
0.0,0.0,4.412,14.6,1647037146387
0.0,0.0,4.412,14.6,1647037146456
0.0,0.0,4.422,14.6,1647037146526
0.0,0.0,4.422,14.6,1647037146600
0.0,0.0,4.422,14.6,1647037146667
0.0,0.0,4.422,14.6,1647037146735
0.0,0.0,4.422,14.6,1647037146806
0.0,0.0,4.422,14.6,1647037146880
0.0,0.0,4.433,14.6,1647037146948
35.16265869140625,139.6150360107422,4.433,14.6,1647037146948
0.0,0.0,4.443,14.6,1647037147014
0.0,0.0,4.443,14.6,1647037147085
0.0,0.0,4.454,14.6,1647037147154
0.0,0.0,4.454,14.6,1647037147226
0.0,0.0,4.464,14.6,1647037147294
0.0,0.0,4.464,14.6,1647037147364
0.0,0.0,4.475,14.6,1647037147439
0.0,0.0,4.464,14.6,1647037147504
0.0,0.0,4.464,14.6,1647037147579
0.0,0.0,4.464,14.6,1647037147647
0.0,0.0,4.464,14.6,1647037147717
0.0,0.0,4.454,14.6,1647037147787
0.0,0.0,4.464,14.6,1647037147856
0.0,0.0,4.454,14.6,1647037147927
35.16267013549805,139.6150360107422,4.454,14.6,1647037147927
0.0,0.0,4.454,14.6,1647037148003
0.0,0.0,4.475,14.6,1647037148064
0.0,0.0,4.475,14.6,1647037148134
0.0,0.0,4.475,14.6,1647037148207
0.0,0.0,4.485,14.6,1647037148275
0.0,0.0,4.495,14.6,1647037148350
0.0,0.0,4.495,14.6,1647037148416
0.0,0.0,4.495,14.6,1647037148486
0.0,0.0,4.495,14.6,1647037148557
0.0,0.0,4.516,14.6,1647037148627
0.0,0.0,4.506,14.6,1647037148708
0.0,0.0,4.506,14.6,1647037148797
0.0,0.0,4.495,14.6,1647037148836
0.0,0.0,4.485,14.6,1647037148909
0.0,0.0,4.485,14.6,1647037148976
35.16267776489258,139.6150360107422,4.485,14.6,1647037148976
0.0,0.0,4.475,14.6,1647037149066
0.0,0.0,4.475,14.6,1647037149115
0.0,0.0,4.464,14.6,1647037149186
0.0,0.0,4.475,14.6,1647037149259
0.0,0.0,4.475,14.6,1647037149336
0.0,0.0,4.475,14.6,1647037149426
0.0,0.0,4.475,14.6,1647037149466
0.0,0.0,4.485,14.6,1647037149537
0.0,0.0,4.506,14.6,1647037149606
0.0,0.0,4.516,14.6,1647037149676
0.0,0.0,4.516,14.6,1647037149754
0.0,0.0,4.537,14.6,1647037149817
0.0,0.0,4.537,14.6,1647037149891
0.0,0.0,4.558,14.6,1647037149969
35.162689208984375,139.61502075195312,4.558,14.6,1647037149969
0.0,0.0,4.558,14.6,1647037150023
0.0,0.0,4.579,14.6,1647037150093
0.0,0.0,4.579,14.6,1647037150164
0.0,0.0,4.579,14.6,1647037150237
0.0,0.0,4.579,14.6,1647037150305
0.0,0.0,4.579,14.6,1647037150375
0.0,0.0,4.579,14.6,1647037150448
0.0,0.0,4.579,14.6,1647037150520
0.0,0.0,4.579,14.6,1647037150586
0.0,0.0,4.589,14.6,1647037150656
0.0,0.0,4.589,14.6,1647037150726
0.0,0.0,4.589,14.6,1647037150796
0.0,0.0,4.589,14.6,1647037150868
0.0,0.0,4.589,14.6,1647037150939
35.162696838378906,139.61502075195312,4.589,14.6,1647037150939
0.0,0.0,4.589,14.6,1647037151007
0.0,0.0,4.589,14.6,1647037151074
0.0,0.0,4.599,14.6,1647037151145
0.0,0.0,4.589,14.6,1647037151219
0.0,0.0,4.589,14.6,1647037151285
0.0,0.0,4.579,14.6,1647037151356
0.0,0.0,4.579,14.6,1647037151427
0.0,0.0,4.568,14.6,1647037151499
0.0,0.0,4.558,14.6,1647037151567
0.0,0.0,4.537,14.6,1647037151636
0.0,0.0,4.527,14.6,1647037151707
0.0,0.0,4.527,14.6,1647037151778
0.0,0.0,4.506,14.6,1647037151847
0.0,0.0,4.506,14.6,1647037151917
0.0,0.0,4.495,14.6,1647037151984
35.1627082824707,139.61500549316406,4.495,14.6,1647037151984
0.0,0.0,4.506,14.6,1647037152054
0.0,0.0,4.506,14.6,1647037152159
0.0,0.0,4.495,14.6,1647037152194
0.0,0.0,4.506,14.6,1647037152264
0.0,0.0,4.516,14.6,1647037152336
0.0,0.0,4.527,14.6,1647037152403
0.0,0.0,4.537,14.6,1647037152493
0.0,0.0,4.547,14.6,1647037152547
0.0,0.0,4.568,14.6,1647037152618
0.0,0.0,4.579,14.6,1647037152685
0.0,0.0,4.568,14.6,1647037152762
0.0,0.0,4.568,14.6,1647037152853
0.0,0.0,4.568,14.6,1647037152901
0.0,0.0,4.568,14.6,1647037152973
35.1627197265625,139.61500549316406,4.568,14.6,1647037152973
0.0,0.0,4.558,14.6,1647037153038
0.0,0.0,4.558,14.6,1647037153121
0.0,0.0,4.558,14.6,1647037153178
0.0,0.0,4.537,14.6,1647037153244
0.0,0.0,4.537,14.6,1647037153314
0.0,0.0,4.537,14.6,1647037153386
0.0,0.0,4.537,14.6,1647037153459
0.0,0.0,4.537,14.6,1647037153526
0.0,0.0,4.547,14.6,1647037153597
0.0,0.0,4.547,14.6,1647037153668
0.0,0.0,4.558,14.6,1647037153737
0.0,0.0,4.558,14.6,1647037153807
0.0,0.0,4.568,14.6,1647037153877
0.0,0.0,4.568,14.6,1647037153947
35.16272735595703,139.61500549316406,4.568,14.6,1647037153947
0.0,0.0,4.579,14.6,1647037154018
0.0,0.0,4.589,14.6,1647037154083
0.0,0.0,4.589,14.6,1647037154157
0.0,0.0,4.579,14.6,1647037154225
0.0,0.0,4.579,14.6,1647037154295
0.0,0.0,4.579,14.6,1647037154367
0.0,0.0,4.579,14.6,1647037154437
0.0,0.0,4.579,14.6,1647037154506
0.0,0.0,4.579,14.6,1647037154577
0.0,0.0,4.579,14.6,1647037154648
0.0,0.0,4.568,14.6,1647037154717
0.0,0.0,4.568,14.6,1647037154787
0.0,0.0,4.568,14.6,1647037154858
0.0,0.0,4.579,14.6,1647037154928
35.16273880004883,139.61500549316406,4.579,14.6,1647037154928
0.0,0.0,4.579,14.6,1647037154996
0.0,0.0,4.589,14.6,1647037155070
0.0,0.0,4.589,14.6,1647037155135
0.0,0.0,4.589,14.6,1647037155205
0.0,0.0,4.599,14.6,1647037155278
0.0,0.0,4.599,14.6,1647037155345
0.0,0.0,4.599,14.6,1647037155417
0.0,0.0,4.62,14.6,1647037155489
0.0,0.0,4.62,14.6,1647037155558
0.0,0.0,4.62,14.6,1647037155626
0.0,0.0,4.631,14.6,1647037155697
0.0,0.0,4.631,14.6,1647037155769
0.0,0.0,4.641,14.6,1647037155836
0.0,0.0,4.641,14.6,1647037155907
0.0,0.0,4.641,14.6,1647037155976
35.16274642944336,139.61500549316406,4.641,14.6,1647037155976
0.0,0.0,4.641,14.6,1647037156045
0.0,0.0,4.641,14.6,1647037156114
0.0,0.0,4.641,14.6,1647037156185
0.0,0.0,4.641,14.6,1647037156255
0.0,0.0,4.631,14.6,1647037156338
0.0,0.0,4.62,14.6,1647037156396
0.0,0.0,4.62,14.6,1647037156501
0.0,0.0,4.599,14.6,1647037156535
0.0,0.0,4.599,14.6,1647037156607
0.0,0.0,4.589,14.6,1647037156745
0.0,0.0,4.589,14.6,1647037156749
0.0,0.0,4.579,14.6,1647037156877
0.0,0.0,4.579,14.6,1647037156885
35.162757873535156,139.614990234375,4.579,14.6,1647037156885
0.0,0.0,4.579,14.6,1647037157041
0.0,0.0,4.579,14.6,1647037157044
0.0,0.0,4.579,14.6,1647037157154
0.0,0.0,4.579,14.6,1647037157166
0.0,0.0,4.579,14.6,1647037157236
0.0,0.0,4.579,14.6,1647037157393
0.0,0.0,4.589,14.6,1647037157400
0.0,0.0,4.589,14.6,1647037157446
0.0,0.0,4.589,14.6,1647037157529
0.0,0.0,4.579,14.6,1647037157585
0.0,0.0,4.589,14.6,1647037157656
0.0,0.0,4.589,14.6,1647037157729
0.0,0.0,4.589,14.6,1647037157833
0.0,0.0,4.589,14.6,1647037157870
0.0,0.0,4.589,14.6,1647037157960
35.16276931762695,139.614990234375,4.589,14.6,1647037157960
0.0,0.0,4.579,14.6,1647037158046
0.0,0.0,4.589,14.6,1647037158074
0.0,0.0,4.589,14.6,1647037158173
0.0,0.0,4.599,14.6,1647037158214
0.0,0.0,4.599,14.6,1647037158319
0.0,0.0,4.61,14.6,1647037158354
0.0,0.0,4.61,14.6,1647037158425
0.0,0.0,4.62,14.6,1647037158497
0.0,0.0,4.631,14.6,1647037158566
0.0,0.0,4.641,14.6,1647037158635
0.0,0.0,4.662,14.6,1647037158706
0.0,0.0,4.672,14.6,1647037158777
0.0,0.0,4.683,14.6,1647037158847
0.0,0.0,4.683,14.6,1647037158918
35.162776947021484,139.614990234375,4.683,14.6,1647037158918
0.0,0.0,4.693,14.6,1647037158985
0.0,0.0,4.693,14.6,1647037159060
0.0,0.0,4.703,14.6,1647037159127
0.0,0.0,4.703,14.6,1647037159196
0.0,0.0,4.703,14.6,1647037159268
0.0,0.0,4.703,14.6,1647037159336
0.0,0.0,4.693,14.6,1647037159409
0.0,0.0,4.683,14.6,1647037159480
0.0,0.0,4.683,14.6,1647037159550
0.0,0.0,4.662,14.6,1647037159619
0.0,0.0,4.651,14.6,1647037159690
0.0,0.0,4.651,14.6,1647037159761
0.0,0.0,4.651,14.6,1647037159829
0.0,0.0,4.641,14.6,1647037159900
0.0,0.0,4.631,14.6,1647037159969
0.0,0.0,4.631,14.6,1647037160040
0.0,0.0,4.641,14.6,1647037160107
0.0,0.0,4.641,14.6,1647037160182
0.0,0.0,4.651,14.6,1647037160244
0.0,0.0,4.662,14.6,1647037160314
0.0,0.0,4.672,14.6,1647037160387
0.0,0.0,4.693,14.6,1647037160456
0.0,0.0,4.703,14.6,1647037160528
0.0,0.0,4.703,14.6,1647037160599
0.0,0.0,4.703,14.6,1647037160667
0.0,0.0,4.714,14.6,1647037160738
0.0,0.0,4.714,14.6,1647037160808
0.0,0.0,4.714,14.6,1647037160879
0.0,0.0,4.703,14.6,1647037160974
35.16279220581055,139.61497497558594,4.703,14.6,1647037160974
0.0,0.0,4.703,14.6,1647037161047
0.0,0.0,4.703,14.6,1647037161089
0.0,0.0,4.703,14.6,1647037161159
0.0,0.0,4.683,14.6,1647037161230
0.0,0.0,4.662,14.6,1647037161326
0.0,0.0,4.651,14.6,1647037161370
0.0,0.0,4.662,14.6,1647037161439
0.0,0.0,4.662,14.6,1647037161509
0.0,0.0,4.651,14.6,1647037161587
0.0,0.0,4.651,14.6,1647037161680
0.0,0.0,4.651,14.6,1647037161720
0.0,0.0,4.651,14.6,1647037161788
0.0,0.0,4.631,14.6,1647037161858
0.0,0.0,4.631,14.6,1647037161951
0.0,0.0,4.631,14.6,1647037161996
0.0,0.0,4.641,14.6,1647037162068
0.0,0.0,4.651,14.6,1647037162136
0.0,0.0,4.651,14.6,1647037162206
0.0,0.0,4.651,14.6,1647037162279
0.0,0.0,4.662,14.6,1647037162345
0.0,0.0,4.662,14.6,1647037162419
0.0,0.0,4.662,14.6,1647037162489
0.0,0.0,4.672,14.6,1647037162561
0.0,0.0,4.683,14.6,1647037162629
0.0,0.0,4.714,14.6,1647037162700
0.0,0.0,4.735,14.6,1647037162770
0.0,0.0,4.745,14.6,1647037162841
0.0,0.0,4.766,14.6,1647037162910
35.16280746459961,139.61497497558594,4.766,14.6,1647037162910
0.0,0.0,4.766,14.6,1647037162977
0.0,0.0,4.787,14.6,1647037163048
0.0,0.0,4.787,14.6,1647037163118
0.0,0.0,4.808,14.6,1647037163189
0.0,0.0,4.808,14.6,1647037163265
0.0,0.0,4.818,14.6,1647037163330
0.0,0.0,4.818,14.6,1647037163401
0.0,0.0,4.818,14.6,1647037163470
0.0,0.0,4.797,14.6,1647037163543
0.0,0.0,4.797,14.6,1647037163613
0.0,0.0,4.787,14.6,1647037163680
0.0,0.0,4.797,14.6,1647037163752
0.0,0.0,4.787,14.6,1647037163819
0.0,0.0,4.787,14.6,1647037163890
0.0,0.0,4.787,14.6,1647037163961
0.0,0.0,4.787,14.6,1647037164031
0.0,0.0,4.797,14.6,1647037164099
0.0,0.0,4.797,14.6,1647037164167
0.0,0.0,4.808,14.6,1647037164238
0.0,0.0,4.808,14.6,1647037164307
0.0,0.0,4.818,14.6,1647037164381
0.0,0.0,4.839,14.6,1647037164449
0.0,0.0,4.839,14.6,1647037164519
0.0,0.0,4.849,14.6,1647037164591
0.0,0.0,4.86,14.6,1647037164661
0.0,0.0,4.86,14.6,1647037164730
0.0,0.0,4.88,14.6,1647037164799
0.0,0.0,4.88,14.6,1647037164871
0.0,0.0,4.87,14.6,1647037164943
35.16282272338867,139.61495971679688,4.87,14.6,1647037164943
0.0,0.0,4.87,14.6,1647037165030
0.0,0.0,4.87,14.6,1647037165082
0.0,0.0,4.88,14.6,1647037165150
0.0,0.0,4.88,14.6,1647037165220
0.0,0.0,4.87,14.6,1647037165302
0.0,0.0,4.87,14.6,1647037165393
0.0,0.0,4.86,14.6,1647037165432
0.0,0.0,4.849,14.6,1647037165502
0.0,0.0,4.839,14.6,1647037165572
0.0,0.0,4.839,14.6,1647037165662
0.0,0.0,4.828,14.6,1647037165708
0.0,0.0,4.828,14.6,1647037165782
0.0,0.0,4.828,14.6,1647037165852
0.0,0.0,4.828,14.6,1647037165920
35.1628303527832,139.61495971679688,4.828,14.6,1647037165920
0.0,0.0,4.828,14.6,1647037165988
0.0,0.0,4.808,14.6,1647037166058
0.0,0.0,4.808,14.6,1647037166127
0.0,0.0,4.818,14.6,1647037166197
0.0,0.0,4.818,14.6,1647037166275
0.0,0.0,4.828,14.6,1647037166340
0.0,0.0,4.839,14.6,1647037166409
0.0,0.0,4.849,14.6,1647037166481
0.0,0.0,4.849,14.6,1647037166550
0.0,0.0,4.86,14.6,1647037166620
0.0,0.0,4.87,14.6,1647037166690
0.0,0.0,4.88,14.6,1647037166762
0.0,0.0,4.88,14.6,1647037166830
0.0,0.0,4.891,14.6,1647037166901
0.0,0.0,4.891,14.6,1647037166973
0.0,0.0,4.891,14.6,1647037167040
0.0,0.0,4.901,14.6,1647037167109
0.0,0.0,4.901,14.6,1647037167179
0.0,0.0,4.88,14.6,1647037167248
0.0,0.0,4.87,14.6,1647037167318
0.0,0.0,4.87,14.6,1647037167387
0.0,0.0,4.86,14.6,1647037167460
0.0,0.0,4.828,14.6,1647037167531
0.0,0.0,4.818,14.6,1647037167602
0.0,0.0,4.808,14.6,1647037167668
0.0,0.0,4.808,14.6,1647037167740
0.0,0.0,4.808,14.6,1647037167812
0.0,0.0,4.787,14.6,1647037167879
0.0,0.0,4.776,14.6,1647037167966
35.162845611572266,139.6149444580078,4.776,14.6,1647037167966
0.0,0.0,4.776,14.6,1647037168020
0.0,0.0,4.787,14.6,1647037168089
0.0,0.0,4.787,14.6,1647037168172
0.0,0.0,4.787,14.6,1647037168228
0.0,0.0,4.797,14.6,1647037168298
0.0,0.0,4.818,14.6,1647037168371
0.0,0.0,4.839,14.6,1647037168440
0.0,0.0,4.849,14.6,1647037168510
0.0,0.0,4.86,14.6,1647037168581
0.0,0.0,4.86,14.6,1647037168650
0.0,0.0,4.86,14.6,1647037168721
0.0,0.0,4.87,14.6,1647037168790
0.0,0.0,4.87,14.6,1647037168863
0.0,0.0,4.86,14.6,1647037168931
35.1628532409668,139.61492919921875,4.86,14.6,1647037168931
0.0,0.0,4.87,14.6,1647037168996
0.0,0.0,4.87,14.6,1647037169066
0.0,0.0,4.86,14.6,1647037169139
0.0,0.0,4.86,14.6,1647037169225
0.0,0.0,4.86,14.6,1647037169310
0.0,0.0,4.849,14.6,1647037169348
0.0,0.0,4.86,14.6,1647037169419
0.0,0.0,4.86,14.6,1647037169494
0.0,0.0,4.86,14.6,1647037169585
0.0,0.0,4.86,14.6,1647037169633
0.0,0.0,4.87,14.6,1647037169700
0.0,0.0,4.87,14.6,1647037169770
0.0,0.0,4.88,14.6,1647037169859
0.0,0.0,4.891,14.6,1647037169945
35.16286087036133,139.61492919921875,4.891,14.6,1647037169945
0.0,0.0,4.891,14.6,1647037169984
0.0,0.0,4.891,14.6,1647037170047
0.0,0.0,4.88,14.6,1647037170120
0.0,0.0,4.891,14.6,1647037170187
0.0,0.0,4.88,14.6,1647037170311
0.0,0.0,4.88,14.6,1647037170329
0.0,0.0,4.891,14.6,1647037170398
0.0,0.0,4.88,14.6,1647037170469
0.0,0.0,4.891,14.6,1647037170539
0.0,0.0,4.891,14.6,1647037170608
0.0,0.0,4.88,14.6,1647037170694
0.0,0.0,4.88,14.6,1647037170748
0.0,0.0,4.88,14.6,1647037170818
0.0,0.0,4.88,14.6,1647037170890
0.0,0.0,4.901,14.6,1647037170960
0.0,0.0,4.912,14.6,1647037171027
0.0,0.0,4.912,14.6,1647037171100
0.0,0.0,4.922,14.6,1647037171168
0.0,0.0,4.922,14.6,1647037171237
0.0,0.0,4.932,14.6,1647037171308
0.0,0.0,4.932,14.6,1647037171379
0.0,0.0,4.943,14.6,1647037171449
0.0,0.0,4.943,14.6,1647037171519
0.0,0.0,4.932,14.6,1647037171589
0.0,0.0,4.932,14.6,1647037171660
0.0,0.0,4.922,14.6,1647037171729
0.0,0.0,4.912,14.6,1647037171801
0.0,0.0,4.901,14.6,1647037171870
0.0,0.0,4.88,14.6,1647037171943
35.162872314453125,139.6149139404297,4.88,14.6,1647037171943
0.0,0.0,4.86,14.6,1647037172010
0.0,0.0,4.839,14.6,1647037172080
0.0,0.0,4.828,14.6,1647037172160
0.0,0.0,4.828,14.6,1647037172221
0.0,0.0,4.828,14.6,1647037172292
0.0,0.0,4.828,14.6,1647037172360
0.0,0.0,4.828,14.6,1647037172429
0.0,0.0,4.828,14.6,1647037172499
0.0,0.0,4.818,14.6,1647037172570
0.0,0.0,4.828,14.6,1647037172644
0.0,0.0,4.86,14.6,1647037172711
0.0,0.0,4.86,14.6,1647037172783
0.0,0.0,4.88,14.6,1647037172850
0.0,0.0,4.891,14.6,1647037172922
35.162879943847656,139.6149139404297,4.891,14.6,1647037172922
0.0,0.0,4.901,14.6,1647037172988
0.0,0.0,4.901,14.6,1647037173058
0.0,0.0,4.901,14.6,1647037173127
0.0,0.0,4.891,14.6,1647037173197
0.0,0.0,4.88,14.6,1647037173269
0.0,0.0,4.88,14.6,1647037173339
0.0,0.0,4.87,14.6,1647037173428
0.0,0.0,4.86,14.6,1647037173479
0.0,0.0,4.849,14.6,1647037173549
0.0,0.0,4.839,14.6,1647037173621
0.0,0.0,4.828,14.6,1647037173699
0.0,0.0,4.828,14.6,1647037173790
0.0,0.0,4.818,14.6,1647037173829
0.0,0.0,4.818,14.6,1647037173901
0.0,0.0,4.828,14.6,1647037173970
35.16288757324219,139.61489868164062,4.828,14.6,1647037173970
0.0,0.0,4.828,14.6,1647037174060
0.0,0.0,4.828,14.6,1647037174109
0.0,0.0,4.839,14.6,1647037174180
0.0,0.0,4.839,14.6,1647037174247
0.0,0.0,4.839,14.6,1647037174318
0.0,0.0,4.86,14.6,1647037174388
0.0,0.0,4.849,14.6,1647037174460
0.0,0.0,4.849,14.6,1647037174529
0.0,0.0,4.849,14.6,1647037174599
0.0,0.0,4.849,14.6,1647037174673
0.0,0.0,4.839,14.6,1647037174740
0.0,0.0,4.849,14.6,1647037174809
0.0,0.0,4.849,14.6,1647037174879
0.0,0.0,4.849,14.6,1647037174954
35.16289520263672,139.61488342285156,4.849,14.6,1647037174954
0.0,0.0,4.849,14.6,1647037175016
0.0,0.0,4.849,14.6,1647037175087
0.0,0.0,4.849,14.6,1647037175159
0.0,0.0,4.839,14.6,1647037175329
0.0,0.0,4.839,14.6,1647037175331
0.0,0.0,4.828,14.6,1647037175390
0.0,0.0,4.818,14.6,1647037175438
0.0,0.0,4.808,14.6,1647037175509
0.0,0.0,4.808,14.6,1647037175580
0.0,0.0,4.797,14.6,1647037175653
0.0,0.0,4.787,14.6,1647037175721
0.0,0.0,4.776,14.6,1647037175790
0.0,0.0,4.787,14.6,1647037175861
0.0,0.0,4.787,14.6,1647037175930
35.162899017333984,139.61488342285156,4.787,14.6,1647037175930
0.0,0.0,4.776,14.6,1647037175997
0.0,0.0,4.776,14.6,1647037176068
0.0,0.0,4.787,14.6,1647037176139
0.0,0.0,4.797,14.6,1647037176207
0.0,0.0,4.808,14.6,1647037176281
0.0,0.0,4.818,14.6,1647037176386
0.0,0.0,4.828,14.6,1647037176421
0.0,0.0,4.839,14.6,1647037176511
0.0,0.0,4.849,14.6,1647037176562
0.0,0.0,4.86,14.6,1647037176676
0.0,0.0,4.86,14.6,1647037176706
0.0,0.0,4.849,14.6,1647037176800
0.0,0.0,4.839,14.6,1647037176839
0.0,0.0,4.828,14.6,1647037176911
35.16290283203125,139.6148681640625,4.828,14.6,1647037176911
0.0,0.0,4.828,14.6,1647037176994
0.0,0.0,4.808,14.6,1647037177120
0.0,0.0,4.797,14.6,1647037177127
0.0,0.0,4.776,14.6,1647037177188
0.0,0.0,4.766,14.6,1647037177294
0.0,0.0,4.766,14.6,1647037177378
0.0,0.0,4.766,14.6,1647037177477
0.0,0.0,4.756,14.6,1647037177479
0.0,0.0,4.766,14.6,1647037177540
0.0,0.0,4.776,14.6,1647037177632
0.0,0.0,4.787,14.6,1647037177703
0.0,0.0,4.808,14.6,1647037177752
0.0,0.0,4.808,14.6,1647037177837
0.0,0.0,4.818,14.6,1647037177891
35.162906646728516,139.61485290527344,4.818,14.6,1647037177891
0.0,0.0,4.828,14.6,1647037178002
0.0,0.0,4.828,14.6,1647037178036
0.0,0.0,4.828,14.6,1647037178122
0.0,0.0,4.828,14.6,1647037178171
0.0,0.0,4.828,14.6,1647037178251
0.0,0.0,4.818,14.6,1647037178311
0.0,0.0,4.808,14.6,1647037178383
0.0,0.0,4.797,14.6,1647037178453
0.0,0.0,4.766,14.6,1647037178522
0.0,0.0,4.756,14.6,1647037178592
0.0,0.0,4.745,14.6,1647037178661
0.0,0.0,4.745,14.6,1647037178731
0.0,0.0,4.735,14.6,1647037178800
0.0,0.0,4.735,14.6,1647037178871
0.0,0.0,4.735,14.6,1647037178942
35.16291046142578,139.61483764648438,4.735,14.6,1647037178942
0.0,0.0,4.735,14.6,1647037179008
0.0,0.0,4.745,14.6,1647037179080
0.0,0.0,4.756,14.6,1647037179151
0.0,0.0,4.756,14.6,1647037179221
0.0,0.0,4.766,14.6,1647037179304
0.0,0.0,4.787,14.6,1647037179359
0.0,0.0,4.797,14.6,1647037179430
0.0,0.0,4.808,14.6,1647037179504
0.0,0.0,4.808,14.6,1647037179570
0.0,0.0,4.808,14.6,1647037179640
0.0,0.0,4.818,14.6,1647037179712
0.0,0.0,4.818,14.6,1647037179784
0.0,0.0,4.818,14.6,1647037179851
0.0,0.0,4.808,14.6,1647037179924
35.16291427612305,139.61483764648438,4.808,14.6,1647037179924
0.0,0.0,4.808,14.6,1647037179988
0.0,0.0,4.808,14.6,1647037180059
0.0,0.0,4.808,14.6,1647037180127
0.0,0.0,4.797,14.6,1647037180198
0.0,0.0,4.787,14.6,1647037180271
0.0,0.0,4.776,14.6,1647037180342
0.0,0.0,4.776,14.6,1647037180409
0.0,0.0,4.766,14.6,1647037180481
0.0,0.0,4.766,14.6,1647037180550
0.0,0.0,4.756,14.6,1647037180620
0.0,0.0,4.756,14.6,1647037180691
0.0,0.0,4.745,14.6,1647037180762
0.0,0.0,4.745,14.6,1647037180832
0.0,0.0,4.735,14.6,1647037180902
0.0,0.0,4.724,14.6,1647037180971
35.16291809082031,139.6148223876953,4.724,14.6,1647037180971
0.0,0.0,4.724,14.6,1647037181040
0.0,0.0,4.724,14.6,1647037181109
0.0,0.0,4.714,14.6,1647037181196
0.0,0.0,4.714,14.6,1647037181250
0.0,0.0,4.714,14.6,1647037181323
0.0,0.0,4.724,14.6,1647037181390
0.0,0.0,4.714,14.6,1647037181466
0.0,0.0,4.714,14.6,1647037181559
0.0,0.0,4.724,14.6,1647037181601
0.0,0.0,4.735,14.6,1647037181672
0.0,0.0,4.735,14.6,1647037181742
0.0,0.0,4.745,14.6,1647037181830
0.0,0.0,4.745,14.6,1647037181883
0.0,0.0,4.745,14.6,1647037181956
35.162925720214844,139.61480712890625,4.745,14.6,1647037181956
0.0,0.0,4.735,14.6,1647037182020
0.0,0.0,4.735,14.6,1647037182089
0.0,0.0,4.735,14.6,1647037182159
0.0,0.0,4.724,14.6,1647037182229
0.0,0.0,4.724,14.6,1647037182305
0.0,0.0,4.714,14.6,1647037182373
0.0,0.0,4.703,14.6,1647037182442
0.0,0.0,4.703,14.6,1647037182512
0.0,0.0,4.693,14.6,1647037182583
0.0,0.0,4.693,14.6,1647037182651
0.0,0.0,4.693,14.6,1647037182722
0.0,0.0,4.703,14.6,1647037182794
0.0,0.0,4.693,14.6,1647037182863
0.0,0.0,4.683,14.6,1647037182935
35.16292953491211,139.61480712890625,4.683,14.6,1647037182935
0.0,0.0,4.693,14.6,1647037182999
0.0,0.0,4.693,14.6,1647037183069
0.0,0.0,4.693,14.6,1647037183138
0.0,0.0,4.693,14.6,1647037183210
0.0,0.0,4.693,14.6,1647037183278
0.0,0.0,4.703,14.6,1647037183350
0.0,0.0,4.703,14.6,1647037183420
0.0,0.0,4.703,14.6,1647037183492
0.0,0.0,4.693,14.6,1647037183562
0.0,0.0,4.703,14.6,1647037183631
0.0,0.0,4.703,14.6,1647037183703
0.0,0.0,4.703,14.6,1647037183772
0.0,0.0,4.703,14.6,1647037183844
0.0,0.0,4.693,14.6,1647037183913
0.0,0.0,4.703,14.6,1647037183979
35.16293716430664,139.6147918701172,4.703,14.6,1647037183979
0.0,0.0,4.714,14.6,1647037184054
0.0,0.0,4.724,14.6,1647037184119
0.0,0.0,4.735,14.6,1647037184190
0.0,0.0,4.745,14.6,1647037184262
0.0,0.0,4.756,14.6,1647037184332
0.0,0.0,4.756,14.6,1647037184401
0.0,0.0,4.756,14.6,1647037184471
0.0,0.0,4.756,14.6,1647037184544
0.0,0.0,4.745,14.6,1647037184611
0.0,0.0,4.745,14.6,1647037184684
0.0,0.0,4.766,14.6,1647037184752
0.0,0.0,4.766,14.6,1647037184823
0.0,0.0,4.756,14.6,1647037184892
0.0,0.0,4.745,14.6,1647037184967
35.16294479370117,139.61477661132812,4.745,14.6,1647037184967
0.0,0.0,4.735,14.6,1647037185029
0.0,0.0,4.745,14.6,1647037185099
0.0,0.0,4.745,14.6,1647037185212
0.0,0.0,4.745,14.6,1647037185243
0.0,0.0,4.745,14.6,1647037185311
0.0,0.0,4.756,14.6,1647037185415
0.0,0.0,4.766,14.6,1647037185451
0.0,0.0,4.766,14.6,1647037185520
0.0,0.0,4.756,14.6,1647037185593
0.0,0.0,4.745,14.6,1647037185676
0.0,0.0,4.745,14.6,1647037185762
0.0,0.0,4.745,14.6,1647037185802
0.0,0.0,4.745,14.6,1647037185872
0.0,0.0,4.766,14.6,1647037185944
0.0,0.0,4.756,14.6,1647037186035
0.0,0.0,4.756,14.6,1647037186081
0.0,0.0,4.756,14.6,1647037186151
0.0,0.0,4.756,14.6,1647037186221
0.0,0.0,4.745,14.6,1647037186290
0.0,0.0,4.745,14.6,1647037186360
0.0,0.0,4.745,14.6,1647037186433
0.0,0.0,4.745,14.6,1647037186502
0.0,0.0,4.745,14.6,1647037186572
0.0,0.0,4.745,14.6,1647037186643
0.0,0.0,4.745,14.6,1647037186713
0.0,0.0,4.745,14.6,1647037186783
0.0,0.0,4.745,14.6,1647037186854
0.0,0.0,4.745,14.6,1647037186923
35.16295623779297,139.61476135253906,4.745,14.6,1647037186923
0.0,0.0,4.724,14.6,1647037186994
0.0,0.0,4.724,14.6,1647037187059
0.0,0.0,4.724,14.6,1647037187131
0.0,0.0,4.724,14.6,1647037187204
0.0,0.0,4.735,14.6,1647037187274
0.0,0.0,4.735,14.6,1647037187342
0.0,0.0,4.745,14.6,1647037187412
0.0,0.0,4.745,14.6,1647037187483
0.0,0.0,4.756,14.6,1647037187553
0.0,0.0,4.766,14.6,1647037187624
0.0,0.0,4.766,14.6,1647037187693
0.0,0.0,4.787,14.6,1647037187764
0.0,0.0,4.797,14.6,1647037187833
0.0,0.0,4.808,14.6,1647037187903
0.0,0.0,4.818,14.6,1647037187978
35.1629638671875,139.61476135253906,4.818,14.6,1647037187978
0.0,0.0,4.828,14.6,1647037188040
0.0,0.0,4.818,14.6,1647037188113
0.0,0.0,4.818,14.6,1647037188180
0.0,0.0,4.818,14.6,1647037188250
0.0,0.0,4.818,14.6,1647037188323
0.0,0.0,4.808,14.6,1647037188390
0.0,0.0,4.808,14.6,1647037188460
0.0,0.0,4.797,14.6,1647037188532
0.0,0.0,4.787,14.6,1647037188604
0.0,0.0,4.776,14.6,1647037188674
0.0,0.0,4.766,14.6,1647037188742
0.0,0.0,4.766,14.6,1647037188812
0.0,0.0,4.756,14.6,1647037188882
0.0,0.0,4.756,14.6,1647037188956
35.16297149658203,139.61474609375,4.756,14.6,1647037188956
0.0,0.0,4.756,14.6,1647037189022
0.0,0.0,4.756,14.6,1647037189090
0.0,0.0,4.756,14.6,1647037189163
0.0,0.0,4.766,14.6,1647037189275
0.0,0.0,4.766,14.6,1647037189300
0.0,0.0,4.766,14.6,1647037189372
0.0,0.0,4.787,14.6,1647037189442
0.0,0.0,4.797,14.6,1647037189529
0.0,0.0,4.797,14.6,1647037189608
0.0,0.0,4.808,14.6,1647037189654
0.0,0.0,4.818,14.6,1647037189727
0.0,0.0,4.818,14.6,1647037189793
0.0,0.0,4.818,14.6,1647037189879
0.0,0.0,4.808,14.6,1647037189934
35.16297912597656,139.61474609375,4.808,14.6,1647037189934
0.0,0.0,4.808,14.6,1647037190006
0.0,0.0,4.808,14.8,1647037190070
0.0,0.0,4.808,14.8,1647037190147
0.0,0.0,4.808,14.8,1647037190239
0.0,0.0,4.808,14.8,1647037190283
0.0,0.0,4.808,14.8,1647037190350
0.0,0.0,4.797,14.8,1647037190435
0.0,0.0,4.797,14.8,1647037190506
0.0,0.0,4.797,14.8,1647037190563
0.0,0.0,4.808,14.8,1647037190631
0.0,0.0,4.818,14.8,1647037190704
0.0,0.0,4.818,14.8,1647037190774
0.0,0.0,4.818,14.8,1647037190844
0.0,0.0,4.828,14.8,1647037190914
0.0,0.0,4.839,14.8,1647037190981
35.162986755371094,139.61473083496094,4.839,14.8,1647037190981
0.0,0.0,4.828,14.8,1647037191052
0.0,0.0,4.828,14.8,1647037191121
0.0,0.0,4.839,14.8,1647037191192
0.0,0.0,4.839,14.8,1647037191264
0.0,0.0,4.839,14.8,1647037191330
0.0,0.0,4.839,14.8,1647037191403
0.0,0.0,4.828,14.8,1647037191474
0.0,0.0,4.828,14.8,1647037191543
0.0,0.0,4.828,14.8,1647037191613
0.0,0.0,4.828,14.8,1647037191682
0.0,0.0,4.839,14.8,1647037191752
0.0,0.0,4.839,14.8,1647037191825
0.0,0.0,4.849,14.8,1647037191894
0.0,0.0,4.86,14.8,1647037191964
35.162994384765625,139.61471557617188,4.86,14.8,1647037191964
0.0,0.0,4.86,14.8,1647037192032
0.0,0.0,4.86,14.8,1647037192104
0.0,0.0,4.87,14.8,1647037192171
0.0,0.0,4.87,14.8,1647037192241
0.0,0.0,4.87,14.8,1647037192314
0.0,0.0,4.87,14.8,1647037192382
0.0,0.0,4.88,14.8,1647037192454
0.0,0.0,4.891,14.8,1647037192523
0.0,0.0,4.891,14.8,1647037192593
0.0,0.0,4.891,14.8,1647037192667
0.0,0.0,4.88,14.8,1647037192732
0.0,0.0,4.88,14.8,1647037192805
0.0,0.0,4.88,14.8,1647037192873
0.0,0.0,4.87,14.8,1647037192944
35.163002014160156,139.61471557617188,4.87,14.8,1647037192944
0.0,0.0,4.88,14.8,1647037193015
0.0,0.0,4.88,14.8,1647037193081
0.0,0.0,4.891,14.8,1647037193156
0.0,0.0,4.891,14.8,1647037193222
0.0,0.0,4.891,14.8,1647037193290
0.0,0.0,4.891,14.8,1647037193361
0.0,0.0,4.88,14.8,1647037193433
0.0,0.0,4.88,14.8,1647037193505
0.0,0.0,4.88,14.8,1647037193574
0.0,0.0,4.88,14.8,1647037193644
0.0,0.0,4.87,14.8,1647037193724
0.0,0.0,4.87,14.8,1647037193813
0.0,0.0,4.87,14.8,1647037193854
0.0,0.0,4.86,14.8,1647037193921
35.16300964355469,139.6147003173828,4.86,14.8,1647037193921
0.0,0.0,4.86,14.8,1647037193994
0.0,0.0,4.86,14.8,1647037194079
0.0,0.0,4.849,14.8,1647037194132
0.0,0.0,4.849,14.8,1647037194202
0.0,0.0,4.849,14.8,1647037194319
0.0,0.0,4.86,14.8,1647037194352
0.0,0.0,4.86,14.8,1647037194439
0.0,0.0,4.86,14.8,1647037194481
0.0,0.0,4.86,14.8,1647037194554
0.0,0.0,4.87,14.8,1647037194623
0.0,0.0,4.86,14.8,1647037194695
0.0,0.0,4.87,14.8,1647037194765
0.0,0.0,4.86,14.8,1647037194835
0.0,0.0,4.86,14.8,1647037194905
0.0,0.0,4.86,14.8,1647037194972
35.16301727294922,139.6147003173828,4.86,14.8,1647037194972
0.0,0.0,4.86,14.8,1647037195043
0.0,0.0,4.86,14.8,1647037195112
0.0,0.0,4.849,14.8,1647037195185
0.0,0.0,4.86,14.8,1647037195252
0.0,0.0,4.86,14.8,1647037195322
0.0,0.0,4.86,14.8,1647037195396
0.0,0.0,4.86,14.8,1647037195465
0.0,0.0,4.86,14.8,1647037195535
0.0,0.0,4.849,14.8,1647037195605
0.0,0.0,4.86,14.8,1647037195675
0.0,0.0,4.86,14.8,1647037195749
0.0,0.0,4.86,14.8,1647037195815
0.0,0.0,4.849,14.8,1647037195885
0.0,0.0,4.849,14.8,1647037195969
35.16302490234375,139.6147003173828,4.849,14.8,1647037195969
0.0,0.0,4.849,14.8,1647037196023
0.0,0.0,4.839,14.8,1647037196094
0.0,0.0,4.828,14.8,1647037196164
0.0,0.0,4.828,14.8,1647037196234
0.0,0.0,4.828,14.8,1647037196302
0.0,0.0,4.828,14.8,1647037196377
0.0,0.0,4.828,14.8,1647037196444
0.0,0.0,4.828,14.8,1647037196542
0.0,0.0,4.828,14.8,1647037196584
0.0,0.0,4.828,14.8,1647037196666
0.0,0.0,4.839,14.8,1647037196765
0.0,0.0,4.839,14.8,1647037196794
0.0,0.0,4.86,14.8,1647037196883
0.0,0.0,4.86,14.8,1647037196977
35.16303253173828,139.61468505859375,4.86,14.8,1647037196977
0.0,0.0,4.87,14.8,1647037197000
0.0,0.0,4.87,14.8,1647037197090
0.0,0.0,4.87,14.8,1647037197144
0.0,0.0,4.87,14.8,1647037197253
0.0,0.0,4.87,14.8,1647037197283
0.0,0.0,4.87,14.8,1647037197399
0.0,0.0,4.87,14.8,1647037197424
0.0,0.0,4.849,14.8,1647037197493
0.0,0.0,4.839,14.8,1647037197592
0.0,0.0,4.839,14.8,1647037197632
0.0,0.0,4.839,14.8,1647037197705
0.0,0.0,4.828,14.8,1647037197773
0.0,0.0,4.828,14.8,1647037197907
0.0,0.0,4.828,14.8,1647037197949
0.0,0.0,4.828,14.8,1647037197983
0.0,0.0,4.828,14.8,1647037198084
0.0,0.0,4.828,14.8,1647037198126
0.0,0.0,4.828,14.8,1647037198217
0.0,0.0,4.828,14.8,1647037198264
0.0,0.0,4.828,14.8,1647037198334
0.0,0.0,4.839,14.8,1647037198406
0.0,0.0,4.839,14.8,1647037198489
0.0,0.0,4.839,14.8,1647037198571
0.0,0.0,4.839,14.8,1647037198617
0.0,0.0,4.849,14.8,1647037198686
0.0,0.0,4.849,14.8,1647037198757
0.0,0.0,4.849,14.8,1647037198827
0.0,0.0,4.86,14.8,1647037198896
0.0,0.0,4.86,14.8,1647037198972
35.163047790527344,139.61468505859375,4.86,14.8,1647037198972
0.0,0.0,4.86,14.8,1647037199037
0.0,0.0,4.86,14.8,1647037199106
0.0,0.0,4.86,14.8,1647037199175
0.0,0.0,4.86,14.8,1647037199246
0.0,0.0,4.86,14.8,1647037199319
0.0,0.0,4.87,14.8,1647037199385
0.0,0.0,4.87,14.8,1647037199456
0.0,0.0,4.87,14.8,1647037199525
0.0,0.0,4.88,14.8,1647037199596
0.0,0.0,4.87,14.8,1647037199666
0.0,0.0,4.87,14.8,1647037199736
0.0,0.0,4.87,14.8,1647037199806
0.0,0.0,4.88,14.8,1647037199875
0.0,0.0,4.88,14.8,1647037199947
0.0,0.0,4.88,14.8,1647037200018
0.0,0.0,4.88,14.8,1647037200085
0.0,0.0,4.87,14.8,1647037200155
0.0,0.0,4.88,14.8,1647037200225
0.0,0.0,4.88,14.8,1647037200293
0.0,0.0,4.88,14.8,1647037200365
0.0,0.0,4.88,14.8,1647037200433
0.0,0.0,4.88,14.8,1647037200504
0.0,0.0,4.88,14.8,1647037200574
0.0,0.0,4.87,14.8,1647037200646
0.0,0.0,4.87,14.8,1647037200718
0.0,0.0,4.87,14.8,1647037200787
0.0,0.0,4.88,14.8,1647037200858
0.0,0.0,4.87,14.8,1647037200926
35.16305923461914,139.6146697998047,4.87,14.8,1647037200926
0.0,0.0,4.88,14.8,1647037200996
0.0,0.0,4.88,14.8,1647037201072
0.0,0.0,4.88,14.8,1647037201135
0.0,0.0,4.88,14.8,1647037201207
0.0,0.0,4.891,14.8,1647037201276
0.0,0.0,4.891,14.8,1647037201346
0.0,0.0,4.891,14.8,1647037201416
0.0,0.0,4.901,14.8,1647037201487
0.0,0.0,4.912,14.8,1647037201556
0.0,0.0,4.922,14.8,1647037201626
0.0,0.0,4.922,14.8,1647037201698
0.0,0.0,4.922,14.8,1647037201766
0.0,0.0,4.922,14.8,1647037201912
0.0,0.0,4.932,14.8,1647037201974
0.0,0.0,4.932,14.8,1647037202045
0.0,0.0,4.932,14.8,1647037202123
0.0,0.0,4.932,14.8,1647037202213
0.0,0.0,4.932,14.8,1647037202262
0.0,0.0,4.943,14.8,1647037202323
0.0,0.0,4.943,14.8,1647037202393
0.0,0.0,4.943,14.8,1647037202484
0.0,0.0,4.953,14.8,1647037202537
0.0,0.0,4.953,14.8,1647037202605
0.0,0.0,4.964,14.8,1647037202675
0.0,0.0,4.964,14.8,1647037202754
0.0,0.0,4.964,14.8,1647037202845
0.0,0.0,4.964,14.8,1647037202886
0.0,0.0,4.974,14.8,1647037202964
35.16307067871094,139.6146697998047,4.974,14.8,1647037202964
0.0,0.0,4.964,14.8,1647037203025
0.0,0.0,4.964,14.8,1647037203095
0.0,0.0,4.953,14.8,1647037203166
0.0,0.0,4.953,14.8,1647037203237
0.0,0.0,4.943,14.8,1647037203306
0.0,0.0,4.932,14.8,1647037203376
0.0,0.0,4.932,14.8,1647037203446
0.0,0.0,4.922,14.8,1647037203515
0.0,0.0,4.922,14.8,1647037203587
0.0,0.0,4.922,14.8,1647037203657
0.0,0.0,4.922,14.8,1647037203727
0.0,0.0,4.922,14.8,1647037203797
0.0,0.0,4.922,14.8,1647037203867
0.0,0.0,4.922,14.8,1647037203937
0.0,0.0,4.932,14.8,1647037204006
0.0,0.0,4.932,14.8,1647037204075
0.0,0.0,4.943,14.8,1647037204146
0.0,0.0,4.943,14.8,1647037204213
0.0,0.0,4.953,14.8,1647037204369
0.0,0.0,4.953,14.8,1647037204370
0.0,0.0,4.953,14.8,1647037204424
0.0,0.0,4.953,14.8,1647037204495
0.0,0.0,4.943,14.8,1647037204566
0.0,0.0,4.943,14.8,1647037204635
0.0,0.0,4.943,14.8,1647037204707
0.0,0.0,4.932,14.8,1647037204774
0.0,0.0,4.932,14.8,1647037204845
0.0,0.0,4.922,14.8,1647037204918
0.0,0.0,4.922,14.8,1647037204985
35.163082122802734,139.61465454101562,4.922,14.8,1647037204985
0.0,0.0,4.922,14.8,1647037205053
0.0,0.0,4.922,14.8,1647037205125
0.0,0.0,4.922,14.8,1647037205196
0.0,0.0,4.922,14.8,1647037205266
0.0,0.0,4.922,14.8,1647037205336
0.0,0.0,4.922,14.8,1647037205406
0.0,0.0,4.922,14.8,1647037205479
0.0,0.0,4.932,14.8,1647037205547
0.0,0.0,4.943,14.8,1647037205617
0.0,0.0,4.943,14.8,1647037205697
0.0,0.0,4.953,14.8,1647037205790
0.0,0.0,4.953,14.8,1647037205829
0.0,0.0,4.953,14.8,1647037205897
0.0,0.0,4.974,14.8,1647037205966
0.0,0.0,4.974,14.8,1647037206056
0.0,0.0,4.974,14.8,1647037206104
0.0,0.0,4.974,14.8,1647037206174
0.0,0.0,4.974,14.8,1647037206244
0.0,0.0,4.974,14.8,1647037206333
0.0,0.0,4.964,14.8,1647037206411
0.0,0.0,4.964,14.8,1647037206456
0.0,0.0,4.964,14.8,1647037206524
0.0,0.0,4.953,14.8,1647037206597
0.0,0.0,4.953,14.8,1647037206666
0.0,0.0,4.943,14.8,1647037206737
0.0,0.0,4.943,14.8,1647037206807
0.0,0.0,4.943,14.8,1647037206878
0.0,0.0,4.932,14.8,1647037206952
35.16309356689453,139.61465454101562,4.932,14.8,1647037206952
0.0,0.0,4.932,14.8,1647037207024
0.0,0.0,4.932,14.8,1647037207087
0.0,0.0,4.932,14.8,1647037207159
0.0,0.0,4.932,14.8,1647037207226
0.0,0.0,4.932,14.8,1647037207298
0.0,0.0,4.932,14.8,1647037207367
0.0,0.0,4.932,14.8,1647037207437
0.0,0.0,4.932,14.8,1647037207507
0.0,0.0,4.932,14.8,1647037207581
0.0,0.0,4.932,14.8,1647037207646
0.0,0.0,4.922,14.8,1647037207719
0.0,0.0,4.922,14.8,1647037207788
0.0,0.0,4.922,14.8,1647037207856
0.0,0.0,4.922,14.8,1647037207931
0.0,0.0,4.922,14.8,1647037207996
0.0,0.0,4.912,14.8,1647037208066
0.0,0.0,4.912,14.8,1647037208133
0.0,0.0,4.912,14.8,1647037208206
0.0,0.0,4.912,14.8,1647037208275
0.0,0.0,4.901,14.8,1647037208346
0.0,0.0,4.901,14.8,1647037208416
0.0,0.0,4.912,14.8,1647037208487
0.0,0.0,4.912,14.8,1647037208557
0.0,0.0,4.932,14.8,1647037208627
0.0,0.0,4.932,14.8,1647037208702
0.0,0.0,4.943,14.8,1647037208768
0.0,0.0,4.943,14.8,1647037208841
0.0,0.0,4.953,14.8,1647037208908
0.0,0.0,4.953,14.8,1647037208978
35.16310119628906,139.61465454101562,4.953,14.8,1647037208978
0.0,0.0,4.953,14.8,1647037209043
0.0,0.0,4.964,14.8,1647037209118
0.0,0.0,4.964,14.8,1647037209189
0.0,0.0,4.974,14.8,1647037209258
0.0,0.0,4.974,14.8,1647037209328
0.0,0.0,4.974,14.8,1647037209402
0.0,0.0,4.974,14.8,1647037209467
0.0,0.0,4.964,14.8,1647037209538
0.0,0.0,4.964,14.8,1647037209606
0.0,0.0,4.964,14.8,1647037209676
0.0,0.0,4.964,14.8,1647037209751
0.0,0.0,4.964,14.8,1647037209816
0.0,0.0,4.974,14.8,1647037209909
0.0,0.0,4.974,14.8,1647037209959
0.0,0.0,4.995,14.8,1647037210027
0.0,0.0,4.995,14.8,1647037210095
0.0,0.0,4.995,14.8,1647037210180
0.0,0.0,4.995,14.8,1647037210264
0.0,0.0,5.005,14.8,1647037210316
0.0,0.0,5.005,14.8,1647037210375
0.0,0.0,5.005,14.8,1647037210446
0.0,0.0,5.016,14.8,1647037210537
0.0,0.0,5.016,14.8,1647037210589
0.0,0.0,5.005,14.8,1647037210657
0.0,0.0,5.016,14.8,1647037210730
0.0,0.0,5.016,14.8,1647037210795
0.0,0.0,5.016,14.8,1647037210869
0.0,0.0,5.016,14.8,1647037210938
0.0,0.0,5.016,14.8,1647037211008
0.0,0.0,5.016,14.8,1647037211076
0.0,0.0,5.016,14.8,1647037211147
0.0,0.0,5.026,14.8,1647037211218
0.0,0.0,5.026,14.8,1647037211288
0.0,0.0,5.026,14.8,1647037211359
0.0,0.0,5.026,14.8,1647037211427
0.0,0.0,5.016,14.8,1647037211498
0.0,0.0,5.016,14.8,1647037211568
0.0,0.0,5.005,14.8,1647037211637
0.0,0.0,5.005,14.8,1647037211708
0.0,0.0,5.005,14.8,1647037211779
0.0,0.0,5.005,14.8,1647037211848
0.0,0.0,5.016,14.8,1647037211918
35.16311264038086,139.61465454101562,5.016,14.8,1647037211918
0.0,0.0,5.005,14.8,1647037211985
0.0,0.0,5.005,14.8,1647037212055
0.0,0.0,5.016,14.8,1647037212128
0.0,0.0,5.016,14.8,1647037212197
0.0,0.0,5.026,14.8,1647037212268
0.0,0.0,5.026,14.8,1647037212338
0.0,0.0,5.036,14.8,1647037212409
0.0,0.0,5.036,14.8,1647037212478
0.0,0.0,5.036,14.8,1647037212548
0.0,0.0,5.057,14.8,1647037212615
0.0,0.0,5.057,14.8,1647037212688
0.0,0.0,5.057,14.8,1647037212762
0.0,0.0,5.068,14.8,1647037212827
0.0,0.0,5.068,14.8,1647037212900
0.0,0.0,5.057,14.8,1647037212968
0.0,0.0,5.047,14.8,1647037213039
0.0,0.0,5.047,14.8,1647037213108
0.0,0.0,5.047,14.8,1647037213176
0.0,0.0,5.047,14.8,1647037213247
0.0,0.0,5.036,14.8,1647037213317
0.0,0.0,5.036,14.8,1647037213387
0.0,0.0,5.036,14.8,1647037213459
0.0,0.0,5.036,14.8,1647037213528
0.0,0.0,5.036,14.8,1647037213598
0.0,0.0,5.036,14.8,1647037213669
0.0,0.0,5.036,14.8,1647037213740
0.0,0.0,5.036,14.8,1647037213809
0.0,0.0,5.026,14.8,1647037213880
0.0,0.0,5.026,14.8,1647037213954
35.163124084472656,139.61463928222656,5.026,14.8,1647037213954
0.0,0.0,5.016,14.8,1647037214021
0.0,0.0,5.016,14.8,1647037214087
0.0,0.0,5.016,14.8,1647037214157
0.0,0.0,5.016,14.8,1647037214245
0.0,0.0,5.005,14.8,1647037214321
0.0,0.0,5.005,14.8,1647037214367
0.0,0.0,5.005,14.8,1647037214439
0.0,0.0,5.026,14.8,1647037214508
0.0,0.0,5.036,14.8,1647037214591
0.0,0.0,5.047,14.8,1647037214681
0.0,0.0,5.057,14.8,1647037214719
0.0,0.0,5.068,14.8,1647037214788
0.0,0.0,5.089,14.8,1647037214861
0.0,0.0,5.099,14.8,1647037214954
0.0,0.0,5.109,14.8,1647037214997
0.0,0.0,5.12,14.8,1647037215066
0.0,0.0,5.13,14.8,1647037215136
0.0,0.0,5.13,14.8,1647037215219
0.0,0.0,5.13,14.8,1647037215278
0.0,0.0,5.13,14.8,1647037215352
0.0,0.0,5.13,14.8,1647037215416
0.0,0.0,5.13,14.8,1647037215489
0.0,0.0,5.13,14.8,1647037215558
0.0,0.0,5.13,14.8,1647037215627
0.0,0.0,5.13,14.8,1647037215698
0.0,0.0,5.13,14.8,1647037215768
0.0,0.0,5.141,14.8,1647037215838
0.0,0.0,5.141,14.8,1647037215910
0.0,0.0,5.151,14.8,1647037215978
35.16313934326172,139.61463928222656,5.151,14.8,1647037215978
0.0,0.0,5.161,14.8,1647037216045
0.0,0.0,5.172,14.8,1647037216119
0.0,0.0,5.182,14.8,1647037216189
0.0,0.0,5.182,14.8,1647037216260
0.0,0.0,5.182,14.8,1647037216330
0.0,0.0,5.193,14.8,1647037216428
0.0,0.0,5.182,14.8,1647037216467
0.0,0.0,5.172,14.8,1647037216550
0.0,0.0,5.182,14.8,1647037216608
0.0,0.0,5.161,14.8,1647037216718
0.0,0.0,5.151,14.8,1647037216749
0.0,0.0,5.13,14.8,1647037216857
0.0,0.0,5.12,14.8,1647037216893
0.0,0.0,5.12,14.8,1647037216958
0.0,0.0,5.109,14.8,1647037217027
0.0,0.0,5.12,14.8,1647037217119
0.0,0.0,5.12,14.8,1647037217166
0.0,0.0,5.141,14.8,1647037217309
0.0,0.0,5.141,14.8,1647037217325
0.0,0.0,5.161,14.8,1647037217427
0.0,0.0,5.161,14.8,1647037217449
0.0,0.0,5.172,14.8,1647037217549
0.0,0.0,5.182,14.8,1647037217590
0.0,0.0,5.193,14.8,1647037217669
0.0,0.0,5.203,14.8,1647037217766
0.0,0.0,5.213,14.8,1647037217800
0.0,0.0,5.224,14.8,1647037217884
0.0,0.0,5.213,14.8,1647037217940
35.16315460205078,139.6146240234375,5.213,14.8,1647037217940
0.0,0.0,5.203,14.8,1647037218007
0.0,0.0,5.203,14.8,1647037218079
0.0,0.0,5.193,14.8,1647037218150
0.0,0.0,5.193,14.8,1647037218253
0.0,0.0,5.172,14.8,1647037218293
0.0,0.0,5.182,14.8,1647037218360
0.0,0.0,5.182,14.8,1647037218429
0.0,0.0,5.172,14.8,1647037218515
0.0,0.0,5.182,14.8,1647037218601
0.0,0.0,5.172,14.8,1647037218639
0.0,0.0,5.172,14.8,1647037218711
0.0,0.0,5.172,14.8,1647037218779
0.0,0.0,5.172,14.8,1647037218872
0.0,0.0,5.193,14.8,1647037218920
0.0,0.0,5.193,14.8,1647037218991
0.0,0.0,5.213,14.8,1647037219059
0.0,0.0,5.213,14.8,1647037219143
0.0,0.0,5.203,14.8,1647037219231
0.0,0.0,5.213,14.8,1647037219267
0.0,0.0,5.224,14.8,1647037219337
0.0,0.0,5.224,14.8,1647037219406
0.0,0.0,5.234,14.8,1647037219479
0.0,0.0,5.245,14.8,1647037219547
0.0,0.0,5.245,14.8,1647037219618
0.0,0.0,5.245,14.8,1647037219689
0.0,0.0,5.255,14.8,1647037219760
0.0,0.0,5.245,14.8,1647037219827
0.0,0.0,5.245,14.8,1647037219897
35.16316604614258,139.61460876464844,5.245,14.8,1647037219897
0.0,0.0,5.245,14.8,1647037219982
0.0,0.0,5.245,14.8,1647037220048
0.0,0.0,5.234,14.8,1647037220115
0.0,0.0,5.234,14.8,1647037220185
0.0,0.0,5.224,14.8,1647037220252
0.0,0.0,5.213,14.8,1647037220324
0.0,0.0,5.203,14.8,1647037220386
0.0,0.0,5.203,14.8,1647037220460
0.0,0.0,5.203,14.8,1647037220526
0.0,0.0,5.203,14.8,1647037220600
0.0,0.0,5.203,14.8,1647037220669
0.0,0.0,5.203,14.8,1647037220739
0.0,0.0,5.203,14.8,1647037220811
0.0,0.0,5.203,14.8,1647037220880
0.0,0.0,5.203,14.8,1647037220950
0.0,0.0,5.213,14.8,1647037221016
0.0,0.0,5.213,14.8,1647037221085
0.0,0.0,5.224,14.8,1647037221162
0.0,0.0,5.224,14.8,1647037221228
0.0,0.0,5.224,14.8,1647037221296
0.0,0.0,5.224,14.8,1647037221368
0.0,0.0,5.224,14.8,1647037221439
0.0,0.0,5.224,14.8,1647037221509
0.0,0.0,5.224,14.8,1647037221583
0.0,0.0,5.224,14.8,1647037221651
0.0,0.0,5.224,14.8,1647037221718
0.0,0.0,5.224,14.8,1647037221791
0.0,0.0,5.224,14.8,1647037221861
0.0,0.0,5.224,14.8,1647037221936
35.163177490234375,139.61460876464844,5.224,14.8,1647037221936
0.0,0.0,5.224,14.8,1647037221998
0.0,0.0,5.224,14.8,1647037222068
0.0,0.0,5.224,14.8,1647037222139
0.0,0.0,5.224,14.8,1647037222208
0.0,0.0,5.224,14.8,1647037222279
0.0,0.0,5.224,14.8,1647037222350
0.0,0.0,5.213,14.8,1647037222419
0.0,0.0,5.213,14.8,1647037222496
0.0,0.0,5.213,14.8,1647037222587
0.0,0.0,5.213,14.8,1647037222630
0.0,0.0,5.213,14.8,1647037222701
0.0,0.0,5.213,14.8,1647037222769
0.0,0.0,5.213,14.8,1647037222856
0.0,0.0,5.203,14.8,1647037222911
0.0,0.0,5.203,14.8,1647037222982
0.0,0.0,5.203,14.8,1647037223050
0.0,0.0,5.203,14.8,1647037223125
0.0,0.0,5.193,14.8,1647037223215
0.0,0.0,5.193,14.8,1647037223274
0.0,0.0,5.193,14.8,1647037223327
0.0,0.0,5.193,14.8,1647037223397
0.0,0.0,5.193,14.8,1647037223470
0.0,0.0,5.182,14.8,1647037223544
0.0,0.0,5.172,14.8,1647037223620
0.0,0.0,5.182,14.8,1647037223686
0.0,0.0,5.172,14.8,1647037223755
0.0,0.0,5.182,14.8,1647037223817
0.0,0.0,5.172,14.8,1647037223889
0.0,0.0,5.172,14.8,1647037223960
35.16318893432617,139.61460876464844,5.172,14.8,1647037223960
0.0,0.0,5.172,14.8,1647037224030
0.0,0.0,5.172,14.8,1647037224100
0.0,0.0,5.172,14.8,1647037224170
0.0,0.0,5.161,14.8,1647037224243
0.0,0.0,5.172,14.8,1647037224310
0.0,0.0,5.172,14.8,1647037224381
0.0,0.0,5.182,14.8,1647037224451
0.0,0.0,5.182,14.8,1647037224530
0.0,0.0,5.182,14.8,1647037224589
0.0,0.0,5.203,14.8,1647037224657
0.0,0.0,5.203,14.8,1647037224727
0.0,0.0,5.213,14.8,1647037224801
0.0,0.0,5.213,14.8,1647037224873
0.0,0.0,5.224,14.8,1647037224939
0.0,0.0,5.224,14.8,1647037225008
0.0,0.0,5.224,14.8,1647037225080
0.0,0.0,5.224,14.8,1647037225148
0.0,0.0,5.234,14.8,1647037225217
0.0,0.0,5.234,14.8,1647037225287
0.0,0.0,5.234,14.8,1647037225359
0.0,0.0,5.224,14.8,1647037225429
0.0,0.0,5.234,14.8,1647037225500
0.0,0.0,5.234,14.8,1647037225572
0.0,0.0,5.224,14.8,1647037225640
0.0,0.0,5.213,14.8,1647037225711
0.0,0.0,5.213,14.8,1647037225783
0.0,0.0,5.213,14.8,1647037225850
0.0,0.0,5.203,14.8,1647037225919
35.16320037841797,139.61460876464844,5.203,14.8,1647037225919
0.0,0.0,5.213,14.8,1647037225986
0.0,0.0,5.213,14.8,1647037226058
0.0,0.0,5.203,14.8,1647037226127
0.0,0.0,5.203,14.8,1647037226213
0.0,0.0,5.203,14.8,1647037226281
0.0,0.0,5.213,14.8,1647037226347
0.0,0.0,5.213,14.8,1647037226414
0.0,0.0,5.213,14.8,1647037226481
0.0,0.0,5.213,14.8,1647037226553
0.0,0.0,5.224,14.8,1647037226636
0.0,0.0,5.224,14.8,1647037226691
0.0,0.0,5.234,14.8,1647037226760
0.0,0.0,5.234,14.8,1647037226830
0.0,0.0,5.234,14.8,1647037226906
0.0,0.0,5.245,14.8,1647037226995
0.0,0.0,5.255,14.8,1647037227039
0.0,0.0,5.255,14.8,1647037227111
0.0,0.0,5.265,14.8,1647037227179
0.0,0.0,5.265,14.8,1647037227344
0.0,0.0,5.265,14.8,1647037227366
0.0,0.0,5.265,14.8,1647037227397
0.0,0.0,5.265,14.8,1647037227463
0.0,0.0,5.265,14.8,1647037227528
0.0,0.0,5.255,14.8,1647037227598
0.0,0.0,5.255,14.8,1647037227668
0.0,0.0,5.255,14.8,1647037227738
0.0,0.0,5.245,14.8,1647037227808
0.0,0.0,5.245,14.8,1647037227880
0.0,0.0,5.234,14.8,1647037227950
35.1632080078125,139.61460876464844,5.234,14.8,1647037227950
0.0,0.0,5.234,14.8,1647037228022
0.0,0.0,5.234,14.8,1647037228091
0.0,0.0,5.234,14.8,1647037228158
0.0,0.0,5.224,14.8,1647037228230
0.0,0.0,5.234,14.8,1647037228298
0.0,0.0,5.234,14.8,1647037228371
0.0,0.0,5.234,14.8,1647037228442
0.0,0.0,5.224,14.8,1647037228511
0.0,0.0,5.224,14.8,1647037228582
0.0,0.0,5.224,14.8,1647037228654
0.0,0.0,5.224,14.8,1647037228720
0.0,0.0,5.234,14.8,1647037228789
0.0,0.0,5.234,14.8,1647037228858
0.0,0.0,5.224,14.8,1647037228929
0.0,0.0,5.224,14.8,1647037229008
0.0,0.0,5.234,14.8,1647037229079
0.0,0.0,5.234,14.8,1647037229148
0.0,0.0,5.234,14.8,1647037229216
0.0,0.0,5.245,14.8,1647037229347
0.0,0.0,5.245,14.8,1647037229374
0.0,0.0,5.255,14.8,1647037229422
0.0,0.0,5.255,14.8,1647037229490
0.0,0.0,5.255,14.8,1647037229559
0.0,0.0,5.255,14.8,1647037229629
0.0,0.0,5.255,14.8,1647037229698
0.0,0.0,5.255,14.8,1647037229777
0.0,0.0,5.265,14.8,1647037229841
0.0,0.0,5.265,14.8,1647037229907
0.0,0.0,5.255,14.8,1647037229980
0.0,0.0,5.265,14.8,1647037230050
0.0,0.0,5.255,14.8,1647037230121
0.0,0.0,5.255,14.8,1647037230191
0.0,0.0,5.255,14.8,1647037230269
0.0,0.0,5.255,14.8,1647037230347
0.0,0.0,5.255,14.8,1647037230401
0.0,0.0,5.255,14.8,1647037230473
0.0,0.0,5.265,14.8,1647037230541
0.0,0.0,5.265,14.8,1647037230613
0.0,0.0,5.265,14.8,1647037230707
0.0,0.0,5.276,14.8,1647037230752
0.0,0.0,5.286,14.8,1647037230821
0.0,0.0,5.286,14.8,1647037230891
0.0,0.0,5.286,14.8,1647037230978
0.0,0.0,5.307,14.8,1647037231103
0.0,0.0,5.307,14.8,1647037231171
0.0,0.0,5.307,14.8,1647037231248
0.0,0.0,5.307,14.8,1647037231312
0.0,0.0,5.297,14.8,1647037231383
0.0,0.0,5.297,14.8,1647037231454
0.0,0.0,5.297,14.8,1647037231523
0.0,0.0,5.297,14.8,1647037231592
0.0,0.0,5.286,14.8,1647037231661
0.0,0.0,5.286,14.8,1647037231732
0.0,0.0,5.276,14.8,1647037231803
0.0,0.0,5.286,14.8,1647037231873
0.0,0.0,5.286,14.8,1647037231942
0.0,0.0,5.265,14.8,1647037232013
0.0,0.0,5.276,14.8,1647037232085
0.0,0.0,5.276,14.8,1647037232154
0.0,0.0,5.276,14.8,1647037232222
0.0,0.0,5.286,14.8,1647037232292
0.0,0.0,5.276,14.8,1647037232363
0.0,0.0,5.276,14.8,1647037232433
0.0,0.0,5.276,14.8,1647037232501
0.0,0.0,5.276,14.8,1647037232574
0.0,0.0,5.265,14.8,1647037232643
0.0,0.0,5.265,14.8,1647037232715
0.0,0.0,5.265,14.8,1647037232782
0.0,0.0,5.265,14.8,1647037232852
0.0,0.0,5.265,14.8,1647037232923
0.0,0.0,5.265,14.8,1647037232995
0.0,0.0,5.255,14.8,1647037233061
0.0,0.0,5.255,14.8,1647037233134
0.0,0.0,5.265,14.8,1647037233203
0.0,0.0,5.265,14.8,1647037233273
0.0,0.0,5.265,14.8,1647037233345
0.0,0.0,5.265,14.8,1647037233412
0.0,0.0,5.276,14.8,1647037233481
0.0,0.0,5.276,14.8,1647037233549
0.0,0.0,5.276,14.8,1647037233629
0.0,0.0,5.286,14.8,1647037233689
0.0,0.0,5.297,14.8,1647037233761
0.0,0.0,5.37,14.8,1647037233833
0.0,0.0,5.401,14.8,1647037234040
35.163211822509766,139.61459350585938,5.401,14.8,1647037234040
0.0,0.0,5.401,14.8,1647037234111
0.0,0.0,5.401,14.8,1647037234182
0.0,0.0,5.401,14.8,1647037234268
0.0,0.0,5.422,14.8,1647037234350
0.0,0.0,5.422,14.8,1647037234396
0.0,0.0,5.422,14.8,1647037234465
0.0,0.0,5.422,14.8,1647037234545
0.0,0.0,5.422,14.8,1647037234620
0.0,0.0,5.432,14.8,1647037234706
0.0,0.0,5.411,14.8,1647037234746
0.0,0.0,5.307,14.8,1647037234819
0.0,0.0,5.276,14.8,1647037234887
0.0,0.0,5.286,14.8,1647037234978
0.0,0.0,5.286,14.8,1647037235026
0.0,0.0,5.276,14.8,1647037235095
