35.162906646728516,139.61441040039062,3.871,12.8,1642198665799
0.0,0.0,3.871,12.8,1642198665913
0.0,0.0,3.881,12.8,1642198665982
0.0,0.0,3.881,12.8,1642198666117
0.0,0.0,3.881,12.8,1642198666190
0.0,0.0,3.892,12.8,1642198666262
0.0,0.0,3.902,12.8,1642198666327
0.0,0.0,3.902,12.8,1642198666397
0.0,0.0,3.902,12.8,1642198666469
0.0,0.0,3.902,12.8,1642198666539
0.0,0.0,3.913,12.8,1642198666610
0.0,0.0,3.913,12.8,1642198666679
0.0,0.0,3.902,12.8,1642198666760
0.0,0.0,3.902,12.8,1642198666851
0.0,0.0,3.902,12.8,1642198666888
0.0,0.0,3.902,12.8,1642198666956
0.0,0.0,3.902,12.8,1642198667025
0.0,0.0,3.902,12.8,1642198667116
0.0,0.0,3.913,12.8,1642198667167
0.0,0.0,3.913,12.8,1642198667239
0.0,0.0,3.923,12.8,1642198667306
0.0,0.0,3.933,12.8,1642198667385
0.0,0.0,3.923,12.8,1642198667477
0.0,0.0,3.944,12.8,1642198667519
0.0,0.0,3.944,12.8,1642198667588
0.0,0.0,3.954,12.8,1642198667661
0.0,0.0,3.954,12.8,1642198667730
35.16292190551758,139.61439514160156,3.954,12.8,1642198667730
0.0,0.0,3.965,12.8,1642198667797
0.0,0.0,3.965,12.8,1642198667868
0.0,0.0,3.954,12.8,1642198667939
0.0,0.0,3.954,12.8,1642198668011
0.0,0.0,3.954,12.8,1642198668079
0.0,0.0,3.944,12.8,1642198668149
0.0,0.0,3.923,12.8,1642198668222
0.0,0.0,3.923,12.8,1642198668289
0.0,0.0,3.923,12.8,1642198668360
0.0,0.0,3.913,12.8,1642198668430
0.0,0.0,3.923,12.8,1642198668500
0.0,0.0,3.913,12.8,1642198668570
0.0,0.0,3.913,12.8,1642198668640
0.0,0.0,3.902,12.8,1642198668707
0.0,0.0,3.902,12.8,1642198668781
0.0,0.0,3.913,12.8,1642198668849
0.0,0.0,3.913,12.8,1642198668919
0.0,0.0,3.913,12.8,1642198669030
0.0,0.0,3.923,12.8,1642198669058
0.0,0.0,3.923,12.8,1642198669127
0.0,0.0,3.933,12.8,1642198669221
0.0,0.0,3.933,12.8,1642198669267
0.0,0.0,3.933,12.8,1642198669336
0.0,0.0,3.944,12.8,1642198669407
0.0,0.0,3.944,12.8,1642198669477
0.0,0.0,3.944,12.8,1642198669565
0.0,0.0,3.933,12.8,1642198669634
0.0,0.0,3.923,12.8,1642198669700
0.0,0.0,3.923,12.8,1642198669775
35.162933349609375,139.61439514160156,3.923,12.8,1642198669775
0.0,0.0,3.913,12.8,1642198669826
0.0,0.0,3.902,12.8,1642198669896
0.0,0.0,3.902,12.8,1642198669967
0.0,0.0,3.892,12.8,1642198670036
0.0,0.0,3.881,12.8,1642198670106
0.0,0.0,3.871,12.8,1642198670177
0.0,0.0,3.861,12.8,1642198670246
0.0,0.0,3.861,12.8,1642198670330
0.0,0.0,3.861,12.8,1642198670387
0.0,0.0,3.871,12.8,1642198670465
0.0,0.0,3.871,13.0,1642198670535
0.0,0.0,3.881,13.0,1642198670607
0.0,0.0,3.892,13.0,1642198670675
0.0,0.0,3.913,13.0,1642198670740
0.0,0.0,3.923,13.0,1642198670808
0.0,0.0,3.933,13.0,1642198670876
0.0,0.0,3.954,13.0,1642198670948
0.0,0.0,3.954,13.0,1642198671037
0.0,0.0,3.965,13.0,1642198671087
0.0,0.0,3.965,13.0,1642198671158
0.0,0.0,3.965,13.0,1642198671228
0.0,0.0,3.965,13.0,1642198671310
0.0,0.0,3.965,13.0,1642198671397
0.0,0.0,3.954,13.0,1642198671437
0.0,0.0,3.944,13.0,1642198671507
0.0,0.0,3.944,13.0,1642198671580
0.0,0.0,3.933,13.0,1642198671679
0.0,0.0,3.923,13.0,1642198671724
35.16294479370117,139.61439514160156,3.923,13.0,1642198671724
0.0,0.0,3.923,13.0,1642198671796
0.0,0.0,3.913,13.0,1642198671856
0.0,0.0,3.923,13.0,1642198671928
0.0,0.0,3.923,13.0,1642198671998
0.0,0.0,3.923,13.0,1642198672067
0.0,0.0,3.933,13.0,1642198672140
0.0,0.0,3.933,13.0,1642198672209
0.0,0.0,3.944,13.0,1642198672281
0.0,0.0,3.954,13.0,1642198672350
0.0,0.0,3.965,13.0,1642198672419
0.0,0.0,3.965,13.0,1642198672490
0.0,0.0,3.975,13.0,1642198672578
0.0,0.0,3.985,13.0,1642198672644
0.0,0.0,3.996,13.0,1642198672711
0.0,0.0,3.985,13.0,1642198672777
0.0,0.0,3.996,13.0,1642198672843
0.0,0.0,3.985,13.0,1642198672912
0.0,0.0,3.996,13.0,1642198672983
0.0,0.0,3.996,13.0,1642198673071
0.0,0.0,3.996,13.0,1642198673119
0.0,0.0,3.985,13.0,1642198673189
0.0,0.0,3.985,13.0,1642198673260
0.0,0.0,3.985,13.0,1642198673326
0.0,0.0,3.985,13.0,1642198673398
0.0,0.0,3.975,13.0,1642198673491
0.0,0.0,3.975,13.0,1642198673561
0.0,0.0,3.975,13.0,1642198673608
0.0,0.0,3.985,13.0,1642198673677
0.0,0.0,3.985,13.0,1642198673747
0.0,0.0,3.975,13.0,1642198673828
0.0,0.0,3.975,13.0,1642198673896
0.0,0.0,3.975,13.0,1642198673961
0.0,0.0,3.975,13.0,1642198674027
0.0,0.0,3.975,13.0,1642198674097
0.0,0.0,3.975,13.0,1642198674167
0.0,0.0,3.965,13.0,1642198674246
0.0,0.0,3.965,13.0,1642198674311
0.0,0.0,3.975,13.0,1642198674377
0.0,0.0,3.975,13.0,1642198674446
0.0,0.0,3.965,13.0,1642198674517
0.0,0.0,3.975,13.0,1642198674595
0.0,0.0,3.965,13.0,1642198674661
0.0,0.0,3.954,13.0,1642198674728
35.16295623779297,139.61439514160156,3.954,13.0,1642198674728
0.0,0.0,3.975,13.0,1642198674798
0.0,0.0,3.975,13.0,1642198674866
0.0,0.0,3.985,13.0,1642198674954
0.0,0.0,3.985,13.0,1642198675020
0.0,0.0,3.985,13.0,1642198675138
0.0,0.0,3.996,13.0,1642198675149
0.0,0.0,3.996,13.0,1642198675269
0.0,0.0,4.017,13.0,1642198675291
0.0,0.0,4.006,13.0,1642198675414
0.0,0.0,4.017,13.0,1642198675431
0.0,0.0,4.017,13.0,1642198675565
0.0,0.0,4.017,13.0,1642198675575
0.0,0.0,4.006,13.0,1642198675752
0.0,0.0,3.996,13.0,1642198675753
0.0,0.0,3.996,13.0,1642198675842
0.0,0.0,3.985,13.0,1642198675867
0.0,0.0,3.985,13.0,1642198675919
0.0,0.0,3.975,13.0,1642198676009
0.0,0.0,3.965,13.0,1642198676132
0.0,0.0,3.965,13.0,1642198676156
0.0,0.0,3.954,13.0,1642198676215
0.0,0.0,3.954,13.0,1642198676325
0.0,0.0,3.954,13.0,1642198676348
0.0,0.0,3.954,13.0,1642198676437
0.0,0.0,3.975,13.0,1642198676480
0.0,0.0,3.975,13.0,1642198676557
0.0,0.0,3.985,13.0,1642198676655
0.0,0.0,3.985,13.0,1642198676716
0.0,0.0,3.996,13.0,1642198676759
0.0,0.0,4.006,13.0,1642198676857
0.0,0.0,4.017,13.0,1642198676902
0.0,0.0,4.017,13.0,1642198676975
0.0,0.0,4.027,13.0,1642198677041
0.0,0.0,4.027,13.0,1642198677128
0.0,0.0,4.017,13.0,1642198677182
0.0,0.0,4.006,13.0,1642198677352
0.0,0.0,3.996,13.0,1642198677359
0.0,0.0,3.996,13.0,1642198677396
0.0,0.0,3.975,13.0,1642198677571
0.0,0.0,3.975,13.0,1642198677580
0.0,0.0,3.965,13.0,1642198677602
0.0,0.0,3.965,13.0,1642198677786
35.162967681884766,139.6143798828125,3.965,13.0,1642198677786
0.0,0.0,3.954,13.0,1642198677789
0.0,0.0,3.954,13.0,1642198677811
0.0,0.0,3.954,13.0,1642198677878
0.0,0.0,3.954,13.0,1642198678007
0.0,0.0,3.965,13.0,1642198678019
0.0,0.0,3.975,13.0,1642198678087
0.0,0.0,3.985,13.0,1642198678239
0.0,0.0,3.996,13.0,1642198678244
0.0,0.0,4.017,13.0,1642198678300
0.0,0.0,4.027,13.0,1642198678463
0.0,0.0,4.037,13.0,1642198678477
0.0,0.0,4.037,13.0,1642198678510
0.0,0.0,4.058,13.0,1642198678677
0.0,0.0,4.069,13.0,1642198678682
0.0,0.0,4.058,13.0,1642198678733
0.0,0.0,4.058,13.0,1642198678901
0.0,0.0,4.058,13.0,1642198678913
0.0,0.0,4.048,13.0,1642198678950
0.0,0.0,4.037,13.0,1642198679028
0.0,0.0,4.027,13.0,1642198679072
0.0,0.0,4.017,13.0,1642198679159
0.0,0.0,4.017,13.0,1642198679208
0.0,0.0,4.006,13.0,1642198679300
0.0,0.0,4.006,13.0,1642198679354
0.0,0.0,3.996,13.0,1642198679421
0.0,0.0,3.985,13.0,1642198679493
0.0,0.0,3.985,13.0,1642198679573
0.0,0.0,3.996,13.0,1642198679660
0.0,0.0,3.996,13.0,1642198679702
0.0,0.0,4.017,13.0,1642198679773
0.0,0.0,4.027,13.0,1642198679844
0.0,0.0,4.037,13.0,1642198679912
0.0,0.0,4.048,13.0,1642198679983
0.0,0.0,4.058,13.0,1642198680053
0.0,0.0,4.069,13.0,1642198680124
0.0,0.0,4.079,13.0,1642198680199
0.0,0.0,4.089,13.0,1642198680263
0.0,0.0,4.089,13.0,1642198680331
0.0,0.0,4.1,13.0,1642198680403
0.0,0.0,4.1,13.0,1642198680473
0.0,0.0,4.1,13.0,1642198680543
0.0,0.0,4.089,13.0,1642198680615
0.0,0.0,4.1,13.0,1642198680681
0.0,0.0,4.1,13.0,1642198680754
0.0,0.0,4.1,13.0,1642198680822
0.0,0.0,4.089,13.0,1642198680892
0.0,0.0,4.1,13.0,1642198680962
0.0,0.0,4.1,13.0,1642198681046
0.0,0.0,4.1,13.0,1642198681112
0.0,0.0,4.11,13.0,1642198681172
0.0,0.0,4.11,13.0,1642198681244
0.0,0.0,4.1,13.0,1642198681311
0.0,0.0,4.121,13.0,1642198681383
0.0,0.0,4.121,13.0,1642198681453
0.0,0.0,4.121,13.0,1642198681522
0.0,0.0,4.11,13.0,1642198681592
0.0,0.0,4.11,13.0,1642198681662
0.0,0.0,4.11,13.0,1642198681732
35.16297912597656,139.6143798828125,4.11,13.0,1642198681732
0.0,0.0,4.1,13.0,1642198681800
0.0,0.0,4.1,13.0,1642198681868
0.0,0.0,4.089,13.0,1642198681941
0.0,0.0,4.089,13.0,1642198682012
0.0,0.0,4.079,13.0,1642198682085
0.0,0.0,4.079,13.0,1642198682152
0.0,0.0,4.058,13.0,1642198682222
0.0,0.0,4.058,13.0,1642198682294
0.0,0.0,4.058,13.0,1642198682364
0.0,0.0,4.058,12.8,1642198682436
0.0,0.0,4.058,12.8,1642198682503
0.0,0.0,4.069,12.8,1642198682573
0.0,0.0,4.069,12.8,1642198682641
0.0,0.0,4.069,12.8,1642198682710
0.0,0.0,4.079,12.8,1642198682783
0.0,0.0,4.089,12.8,1642198682849
0.0,0.0,4.11,12.8,1642198682918
0.0,0.0,4.121,12.8,1642198682991
0.0,0.0,4.131,12.8,1642198683065
0.0,0.0,4.141,12.8,1642198683129
0.0,0.0,4.152,12.8,1642198683210
0.0,0.0,4.152,12.8,1642198683299
0.0,0.0,4.173,12.8,1642198683343
0.0,0.0,4.183,12.8,1642198683412
0.0,0.0,4.183,12.8,1642198683483
0.0,0.0,4.194,12.8,1642198683571
0.0,0.0,4.194,12.8,1642198683621
0.0,0.0,4.183,12.8,1642198683692
0.0,0.0,4.183,12.8,1642198683775
35.162994384765625,139.6143798828125,4.183,12.8,1642198683775
0.0,0.0,4.194,12.8,1642198683835
0.0,0.0,4.183,12.8,1642198683928
0.0,0.0,4.183,12.8,1642198683970
0.0,0.0,4.183,12.8,1642198684042
0.0,0.0,4.183,12.8,1642198684112
0.0,0.0,4.173,12.8,1642198684183
0.0,0.0,4.183,12.8,1642198684251
0.0,0.0,4.194,12.8,1642198684321
0.0,0.0,4.194,12.8,1642198684394
0.0,0.0,4.214,12.8,1642198684462
0.0,0.0,4.225,12.8,1642198684535
0.0,0.0,4.246,12.8,1642198684601
0.0,0.0,4.246,12.8,1642198684675
0.0,0.0,4.256,12.8,1642198684741
0.0,0.0,4.277,12.8,1642198684816
0.0,0.0,4.277,12.8,1642198684879
0.0,0.0,4.287,12.8,1642198684951
0.0,0.0,4.287,12.8,1642198685018
0.0,0.0,4.298,12.8,1642198685089
0.0,0.0,4.298,12.8,1642198685161
0.0,0.0,4.298,12.8,1642198685231
0.0,0.0,4.298,12.8,1642198685301
0.0,0.0,4.298,12.8,1642198685376
0.0,0.0,4.287,12.8,1642198685441
0.0,0.0,4.287,13.0,1642198685511
0.0,0.0,4.277,13.0,1642198685580
0.0,0.0,4.277,13.0,1642198685656
0.0,0.0,4.277,13.0,1642198685723
35.16300964355469,139.61436462402344,4.277,13.0,1642198685723
0.0,0.0,4.277,13.0,1642198685790
0.0,0.0,4.277,13.0,1642198685861
0.0,0.0,4.277,13.0,1642198685933
0.0,0.0,4.266,13.0,1642198686002
0.0,0.0,4.266,13.0,1642198686071
0.0,0.0,4.266,13.0,1642198686142
0.0,0.0,4.266,13.0,1642198686211
0.0,0.0,4.266,13.0,1642198686282
0.0,0.0,4.266,13.0,1642198686360
0.0,0.0,4.266,13.0,1642198686422
0.0,0.0,4.287,13.0,1642198686495
0.0,0.0,4.287,13.0,1642198686564
0.0,0.0,4.287,13.0,1642198686631
0.0,0.0,4.287,13.0,1642198686700
0.0,0.0,4.308,13.0,1642198686770
35.163021087646484,139.61436462402344,4.308,13.0,1642198686770
0.0,0.0,4.318,13.0,1642198686838
0.0,0.0,4.329,13.0,1642198686910
0.0,0.0,4.35,13.0,1642198686994
0.0,0.0,4.36,13.0,1642198687076
0.0,0.0,4.37,13.0,1642198687119
0.0,0.0,4.37,13.0,1642198687192
0.0,0.0,4.381,13.0,1642198687261
0.0,0.0,4.37,13.0,1642198687350
0.0,0.0,4.381,13.0,1642198687403
0.0,0.0,4.37,13.0,1642198687471
0.0,0.0,4.37,13.0,1642198687542
0.0,0.0,4.37,13.0,1642198687618
0.0,0.0,4.36,13.0,1642198687709
0.0,0.0,4.35,13.0,1642198687752
35.163028717041016,139.61434936523438,4.35,13.0,1642198687752
0.0,0.0,4.339,13.0,1642198687824
0.0,0.0,4.329,13.0,1642198687891
0.0,0.0,4.318,13.0,1642198687974
0.0,0.0,4.318,13.0,1642198688052
0.0,0.0,4.329,13.0,1642198688100
0.0,0.0,4.318,13.0,1642198688170
0.0,0.0,4.318,13.0,1642198688241
0.0,0.0,4.329,13.0,1642198688310
0.0,0.0,4.329,13.0,1642198688383
0.0,0.0,4.329,13.0,1642198688451
0.0,0.0,4.329,13.0,1642198688521
0.0,0.0,4.35,13.0,1642198688591
0.0,0.0,4.36,13.0,1642198688663
0.0,0.0,4.36,13.0,1642198688730
35.16303634643555,139.61434936523438,4.36,13.0,1642198688730
0.0,0.0,4.37,13.0,1642198688801
0.0,0.0,4.36,13.0,1642198688871
0.0,0.0,4.36,13.0,1642198688940
0.0,0.0,4.36,13.0,1642198689012
0.0,0.0,4.37,13.0,1642198689079
0.0,0.0,4.381,13.0,1642198689153
0.0,0.0,4.391,13.0,1642198689221
0.0,0.0,4.402,13.0,1642198689292
0.0,0.0,4.402,13.0,1642198689363
0.0,0.0,4.412,13.0,1642198689432
0.0,0.0,4.422,13.0,1642198689502
0.0,0.0,4.433,13.0,1642198689572
0.0,0.0,4.443,13.0,1642198689642
0.0,0.0,4.443,13.0,1642198689714
35.16304397583008,139.6143341064453,4.443,13.0,1642198689714
0.0,0.0,4.433,13.0,1642198689779
0.0,0.0,4.443,13.0,1642198689849
0.0,0.0,4.433,13.0,1642198689923
0.0,0.0,4.433,13.0,1642198689991
0.0,0.0,4.422,13.0,1642198690068
0.0,0.0,4.412,13.0,1642198690132
0.0,0.0,4.402,13.0,1642198690197
0.0,0.0,4.381,13.0,1642198690271
0.0,0.0,4.35,13.0,1642198690341
0.0,0.0,4.35,13.0,1642198690411
0.0,0.0,4.35,13.0,1642198690482
0.0,0.0,4.36,13.0,1642198690551
0.0,0.0,4.36,13.0,1642198690622
0.0,0.0,4.36,13.0,1642198690691
0.0,0.0,4.37,13.0,1642198690771
35.163055419921875,139.6143341064453,4.37,13.0,1642198690771
0.0,0.0,4.37,13.0,1642198690840
0.0,0.0,4.391,13.0,1642198690902
0.0,0.0,4.402,13.0,1642198690977
0.0,0.0,4.422,13.0,1642198691055
0.0,0.0,4.433,13.0,1642198691196
0.0,0.0,4.454,13.0,1642198691310
0.0,0.0,4.454,13.0,1642198691354
0.0,0.0,4.464,13.0,1642198691390
0.0,0.0,4.454,13.0,1642198691561
0.0,0.0,4.454,13.0,1642198691573
0.0,0.0,4.464,13.0,1642198691610
0.0,0.0,4.454,13.0,1642198691780
35.163063049316406,139.61431884765625,4.454,13.0,1642198691780
0.0,0.0,4.454,13.0,1642198691789
0.0,0.0,4.443,13.0,1642198691811
0.0,0.0,4.443,13.0,1642198692006
0.0,0.0,4.443,13.0,1642198692014
0.0,0.0,4.443,13.0,1642198692033
0.0,0.0,4.443,13.0,1642198692089
0.0,0.0,4.443,13.0,1642198692225
0.0,0.0,4.454,13.0,1642198692231
0.0,0.0,4.454,13.0,1642198692301
0.0,0.0,4.475,13.0,1642198692448
0.0,0.0,4.475,13.0,1642198692455
0.0,0.0,4.495,13.0,1642198692510
0.0,0.0,4.495,13.0,1642198692676
0.0,0.0,4.495,13.0,1642198692684
0.0,0.0,4.495,13.0,1642198692721
35.16306686401367,139.6143035888672,4.495,13.0,1642198692721
0.0,0.0,4.495,13.0,1642198692890
0.0,0.0,4.485,13.0,1642198692896
0.0,0.0,4.495,13.0,1642198692931
0.0,0.0,4.495,13.0,1642198693114
0.0,0.0,4.485,13.0,1642198693118
0.0,0.0,4.475,13.0,1642198693142
0.0,0.0,4.464,13.0,1642198693210
0.0,0.0,4.464,13.0,1642198693282
0.0,0.0,4.454,13.0,1642198693353
0.0,0.0,4.475,13.0,1642198693422
0.0,0.0,4.475,13.0,1642198693492
0.0,0.0,4.475,13.0,1642198693562
0.0,0.0,4.475,13.0,1642198693632
0.0,0.0,4.485,13.0,1642198693702
0.0,0.0,4.485,13.0,1642198693781
35.1630744934082,139.6143035888672,4.485,13.0,1642198693781
0.0,0.0,4.475,13.0,1642198693841
0.0,0.0,4.475,13.0,1642198693910
0.0,0.0,4.475,13.0,1642198693979
0.0,0.0,4.475,13.0,1642198694050
0.0,0.0,4.464,13.0,1642198694118
0.0,0.0,4.464,13.0,1642198694190
0.0,0.0,4.454,13.0,1642198694264
0.0,0.0,4.433,13.0,1642198694330
0.0,0.0,4.433,13.0,1642198694403
0.0,0.0,4.422,13.0,1642198694474
0.0,0.0,4.422,13.0,1642198694544
0.0,0.0,4.433,13.0,1642198694611
0.0,0.0,4.433,13.0,1642198694683
0.0,0.0,4.443,13.0,1642198694755
35.163082122802734,139.61428833007812,4.443,13.0,1642198694755
0.0,0.0,4.443,13.0,1642198694825
0.0,0.0,4.454,13.0,1642198694889
0.0,0.0,4.464,13.0,1642198694960
0.0,0.0,4.475,13.0,1642198695030
0.0,0.0,4.485,13.0,1642198695099
0.0,0.0,4.495,13.0,1642198695220
0.0,0.0,4.506,13.0,1642198695241
0.0,0.0,4.506,13.0,1642198695313
0.0,0.0,4.495,13.0,1642198695388
0.0,0.0,4.506,13.0,1642198695540
0.0,0.0,4.506,13.0,1642198695558
0.0,0.0,4.506,13.0,1642198695705
0.0,0.0,4.506,13.0,1642198695713
0.0,0.0,4.495,13.0,1642198695731
35.1630859375,139.61427307128906,4.495,13.0,1642198695731
0.0,0.0,4.506,13.0,1642198695809
0.0,0.0,4.495,13.0,1642198695870
0.0,0.0,4.506,13.0,1642198696008
0.0,0.0,4.506,13.0,1642198696012
0.0,0.0,4.506,13.0,1642198696080
0.0,0.0,4.516,13.0,1642198696194
0.0,0.0,4.516,13.0,1642198696222
0.0,0.0,4.506,13.0,1642198696309
0.0,0.0,4.516,13.0,1642198696407
0.0,0.0,4.516,13.0,1642198696430
0.0,0.0,4.516,13.0,1642198696528
0.0,0.0,4.527,13.0,1642198696570
0.0,0.0,4.527,13.0,1642198696641
0.0,0.0,4.527,13.0,1642198696710
35.16309356689453,139.6142578125,4.527,13.0,1642198696710
0.0,0.0,4.527,13.0,1642198696800
0.0,0.0,4.516,13.0,1642198696849
0.0,0.0,4.506,13.0,1642198696919
0.0,0.0,4.506,13.0,1642198696988
0.0,0.0,4.506,13.0,1642198697060
0.0,0.0,4.516,13.0,1642198697137
0.0,0.0,4.516,13.0,1642198697201
0.0,0.0,4.516,13.0,1642198697271
0.0,0.0,4.516,13.0,1642198697342
0.0,0.0,4.527,13.0,1642198697412
0.0,0.0,4.527,13.0,1642198697480
0.0,0.0,4.527,13.0,1642198697551
0.0,0.0,4.527,13.0,1642198697620
0.0,0.0,4.527,13.0,1642198697689
0.0,0.0,4.537,13.0,1642198697768
35.1630973815918,139.6142578125,4.537,13.0,1642198697768
0.0,0.0,4.537,13.0,1642198697829
0.0,0.0,4.547,13.0,1642198697899
0.0,0.0,4.547,13.0,1642198697969
0.0,0.0,4.547,13.0,1642198698038
0.0,0.0,4.547,13.0,1642198698109
0.0,0.0,4.547,13.0,1642198698179
0.0,0.0,4.547,13.0,1642198698250
0.0,0.0,4.547,13.0,1642198698321
0.0,0.0,4.537,13.0,1642198698392
0.0,0.0,4.537,13.0,1642198698462
0.0,0.0,4.537,13.0,1642198698530
0.0,0.0,4.537,13.0,1642198698602
0.0,0.0,4.537,13.0,1642198698672
0.0,0.0,4.527,13.0,1642198698745
35.16310501098633,139.61424255371094,4.527,13.0,1642198698745
0.0,0.0,4.506,13.0,1642198698812
0.0,0.0,4.495,13.0,1642198698882
0.0,0.0,4.495,13.0,1642198698949
0.0,0.0,4.475,13.0,1642198699023
0.0,0.0,4.475,13.0,1642198699089
0.0,0.0,4.475,13.0,1642198699161
0.0,0.0,4.475,13.0,1642198699233
0.0,0.0,4.475,13.0,1642198699304
0.0,0.0,4.475,13.0,1642198699372
0.0,0.0,4.475,13.0,1642198699441
0.0,0.0,4.475,13.0,1642198699511
0.0,0.0,4.485,13.0,1642198699582
0.0,0.0,4.506,13.0,1642198699653
0.0,0.0,4.506,13.0,1642198699727
35.163108825683594,139.61422729492188,4.506,13.0,1642198699727
0.0,0.0,4.516,13.0,1642198699812
0.0,0.0,4.537,13.0,1642198699860
0.0,0.0,4.547,13.0,1642198699930
0.0,0.0,4.547,13.0,1642198699999
0.0,0.0,4.558,13.0,1642198700089
0.0,0.0,4.558,13.0,1642198700170
0.0,0.0,4.568,13.0,1642198700210
0.0,0.0,4.558,13.0,1642198700283
0.0,0.0,4.558,13.0,1642198700354
0.0,0.0,4.558,13.0,1642198700447
0.0,0.0,4.558,13.0,1642198700490
0.0,0.0,4.547,13.0,1642198700564
0.0,0.0,4.547,13.0,1642198700631
0.0,0.0,4.537,13.0,1642198700700
0.0,0.0,4.537,13.0,1642198700772
35.163116455078125,139.61422729492188,4.537,13.0,1642198700772
0.0,0.0,4.527,13.0,1642198700840
0.0,0.0,4.527,13.0,1642198700908
0.0,0.0,4.516,13.0,1642198700978
0.0,0.0,4.516,13.0,1642198701050
0.0,0.0,4.506,13.0,1642198701128
0.0,0.0,4.506,13.0,1642198701191
0.0,0.0,4.495,13.0,1642198701262
0.0,0.0,4.506,13.0,1642198701333
0.0,0.0,4.506,13.0,1642198701400
0.0,0.0,4.506,13.0,1642198701471
0.0,0.0,4.506,13.0,1642198701541
0.0,0.0,4.527,13.0,1642198701611
0.0,0.0,4.537,13.0,1642198701682
0.0,0.0,4.537,13.0,1642198701751
0.0,0.0,4.558,13.0,1642198701822
0.0,0.0,4.558,13.0,1642198701889
0.0,0.0,4.568,13.0,1642198701961
0.0,0.0,4.589,13.0,1642198702028
0.0,0.0,4.599,13.0,1642198702108
0.0,0.0,4.599,13.0,1642198702170
0.0,0.0,4.599,13.0,1642198702244
0.0,0.0,4.62,13.0,1642198702311
0.0,0.0,4.62,13.0,1642198702381
0.0,0.0,4.61,13.0,1642198702451
0.0,0.0,4.599,13.0,1642198702521
0.0,0.0,4.599,13.0,1642198702591
0.0,0.0,4.589,13.0,1642198702661
0.0,0.0,4.579,13.0,1642198702734
35.16313171386719,139.6142120361328,4.579,13.0,1642198702734
0.0,0.0,4.579,13.0,1642198702800
0.0,0.0,4.568,13.0,1642198702869
0.0,0.0,4.568,13.0,1642198702942
0.0,0.0,4.558,13.0,1642198703012
0.0,0.0,4.568,13.0,1642198703082
0.0,0.0,4.558,13.0,1642198703151
0.0,0.0,4.558,13.0,1642198703222
0.0,0.0,4.558,13.0,1642198703292
0.0,0.0,4.568,13.0,1642198703361
0.0,0.0,4.568,13.0,1642198703432
0.0,0.0,4.579,13.0,1642198703501
0.0,0.0,4.589,13.0,1642198703583
0.0,0.0,4.599,13.0,1642198703672
0.0,0.0,4.599,13.0,1642198703710
35.16313934326172,139.61419677734375,4.599,13.0,1642198703710
0.0,0.0,4.62,13.0,1642198703778
0.0,0.0,4.62,13.0,1642198703851
0.0,0.0,4.62,13.0,1642198703939
0.0,0.0,4.631,13.0,1642198704023
0.0,0.0,4.641,13.0,1642198704060
0.0,0.0,4.641,13.0,1642198704133
0.0,0.0,4.641,13.0,1642198704211
0.0,0.0,4.641,13.0,1642198704303
0.0,0.0,4.631,13.0,1642198704341
0.0,0.0,4.631,13.0,1642198704411
0.0,0.0,4.599,13.0,1642198704484
0.0,0.0,4.599,13.0,1642198704550
0.0,0.0,4.579,13.0,1642198704621
0.0,0.0,4.579,13.0,1642198704693
0.0,0.0,4.568,13.0,1642198704770
35.16314697265625,139.6141815185547,4.568,13.0,1642198704770
0.0,0.0,4.568,13.0,1642198704830
0.0,0.0,4.558,13.0,1642198704899
0.0,0.0,4.558,13.0,1642198704970
0.0,0.0,4.568,13.0,1642198705044
0.0,0.0,4.579,13.0,1642198705112
0.0,0.0,4.579,13.0,1642198705178
0.0,0.0,4.589,13.0,1642198705250
0.0,0.0,4.599,13.0,1642198705321
0.0,0.0,4.599,13.0,1642198705391
0.0,0.0,4.61,13.0,1642198705463
0.0,0.0,4.61,13.0,1642198705532
0.0,0.0,4.599,13.0,1642198705601
0.0,0.0,4.599,13.0,1642198705672
0.0,0.0,4.599,13.0,1642198705743
35.163150787353516,139.6141815185547,4.599,13.0,1642198705743
0.0,0.0,4.599,13.0,1642198705810
0.0,0.0,4.589,13.0,1642198705892
0.0,0.0,4.589,13.0,1642198705948
0.0,0.0,4.589,13.0,1642198706030
0.0,0.0,4.589,13.0,1642198706088
0.0,0.0,4.599,13.0,1642198706162
0.0,0.0,4.599,13.0,1642198706228
0.0,0.0,4.61,13.0,1642198706312
0.0,0.0,4.61,13.0,1642198706370
0.0,0.0,4.62,13.0,1642198706539
0.0,0.0,4.631,13.0,1642198706545
0.0,0.0,4.631,13.0,1642198706581
0.0,0.0,4.641,13.0,1642198706755
0.0,0.0,4.651,13.0,1642198706762
0.0,0.0,4.651,13.0,1642198706789
0.0,0.0,4.651,13.0,1642198706972
0.0,0.0,4.662,13.0,1642198706982
0.0,0.0,4.651,13.0,1642198707003
0.0,0.0,4.651,13.0,1642198707199
0.0,0.0,4.641,13.0,1642198707209
0.0,0.0,4.641,13.0,1642198707216
0.0,0.0,4.631,13.0,1642198707286
0.0,0.0,4.631,13.0,1642198707417
0.0,0.0,4.641,13.0,1642198707424
0.0,0.0,4.641,13.0,1642198707519
0.0,0.0,4.631,13.0,1642198707661
0.0,0.0,4.651,13.0,1642198707665
0.0,0.0,4.651,13.0,1642198707701
35.16316604614258,139.61416625976562,4.651,13.0,1642198707701
0.0,0.0,4.651,13.0,1642198707886
0.0,0.0,4.662,13.0,1642198707888
0.0,0.0,4.662,13.0,1642198707914
0.0,0.0,4.662,13.0,1642198707985
0.0,0.0,4.651,13.0,1642198708110
0.0,0.0,4.651,13.0,1642198708123
0.0,0.0,4.651,13.0,1642198708191
0.0,0.0,4.641,13.0,1642198708265
0.0,0.0,4.651,13.0,1642198708334
0.0,0.0,4.651,13.0,1642198708421
0.0,0.0,4.651,13.0,1642198708473
0.0,0.0,4.651,13.0,1642198708544
0.0,0.0,4.651,13.0,1642198708614
0.0,0.0,4.651,13.0,1642198708684
0.0,0.0,4.651,13.0,1642198708759
35.16317367553711,139.61415100097656,4.651,13.0,1642198708759
0.0,0.0,4.662,13.0,1642198708824
0.0,0.0,4.662,13.0,1642198708892
0.0,0.0,4.672,13.0,1642198708962
0.0,0.0,4.683,13.0,1642198709031
0.0,0.0,4.693,13.0,1642198709102
0.0,0.0,4.693,13.0,1642198709176
0.0,0.0,4.693,13.0,1642198709244
0.0,0.0,4.683,13.0,1642198709314
0.0,0.0,4.683,13.0,1642198709387
0.0,0.0,4.683,13.0,1642198709454
0.0,0.0,4.683,13.0,1642198709523
0.0,0.0,4.683,13.0,1642198709599
0.0,0.0,4.683,13.0,1642198709663
0.0,0.0,4.672,13.0,1642198709734
35.16318130493164,139.61415100097656,4.672,13.0,1642198709734
0.0,0.0,4.672,13.0,1642198709803
0.0,0.0,4.662,13.0,1642198709874
0.0,0.0,4.662,13.0,1642198709945
0.0,0.0,4.662,13.0,1642198710015
0.0,0.0,4.651,13.0,1642198710083
0.0,0.0,4.662,13.0,1642198710151
0.0,0.0,4.662,13.0,1642198710222
0.0,0.0,4.672,13.0,1642198710294
0.0,0.0,4.672,13.0,1642198710364
0.0,0.0,4.672,13.0,1642198710435
0.0,0.0,4.662,13.0,1642198710505
0.0,0.0,4.672,13.0,1642198710575
0.0,0.0,4.672,13.0,1642198710645
0.0,0.0,4.672,13.0,1642198710717
35.16319274902344,139.6141357421875,4.672,13.0,1642198710717
0.0,0.0,4.672,13.0,1642198710782
0.0,0.0,4.672,13.0,1642198710854
0.0,0.0,4.672,13.0,1642198710922
0.0,0.0,4.672,13.0,1642198710995
0.0,0.0,4.672,13.0,1642198711061
0.0,0.0,4.672,13.0,1642198711135
0.0,0.0,4.672,13.0,1642198711205
0.0,0.0,4.683,13.0,1642198711274
0.0,0.0,4.703,13.0,1642198711344
0.0,0.0,4.703,13.0,1642198711414
0.0,0.0,4.703,13.0,1642198711487
0.0,0.0,4.714,13.0,1642198711555
0.0,0.0,4.735,13.0,1642198711625
0.0,0.0,4.745,13.0,1642198711703
0.0,0.0,4.766,13.0,1642198711783
35.16320037841797,139.61412048339844,4.766,13.0,1642198711783
0.0,0.0,4.766,13.0,1642198711832
0.0,0.0,4.766,13.0,1642198711904
0.0,0.0,4.776,13.0,1642198711971
0.0,0.0,4.776,13.0,1642198712047
0.0,0.0,4.787,13.0,1642198712150
0.0,0.0,4.787,13.0,1642198712183
0.0,0.0,4.776,13.0,1642198712252
0.0,0.0,4.776,13.0,1642198712324
0.0,0.0,4.776,13.0,1642198712412
0.0,0.0,4.766,13.0,1642198712466
0.0,0.0,4.745,13.0,1642198712538
0.0,0.0,4.735,13.0,1642198712606
0.0,0.0,4.724,13.0,1642198712681
0.0,0.0,4.724,13.0,1642198712754
35.16321563720703,139.61412048339844,4.724,13.0,1642198712754
0.0,0.0,4.735,13.0,1642198712813
0.0,0.0,4.724,13.0,1642198712884
0.0,0.0,4.724,13.0,1642198712951
0.0,0.0,4.735,13.0,1642198713022
0.0,0.0,4.735,13.0,1642198713090
0.0,0.0,4.735,13.0,1642198713165
0.0,0.0,4.745,13.0,1642198713238
0.0,0.0,4.756,13.0,1642198713304
0.0,0.0,4.766,13.0,1642198713376
0.0,0.0,4.787,13.0,1642198713444
0.0,0.0,4.797,13.0,1642198713515
0.0,0.0,4.808,13.0,1642198713584
0.0,0.0,4.828,13.0,1642198713655
0.0,0.0,4.839,13.0,1642198713725
35.16322326660156,139.61410522460938,4.839,13.0,1642198713725
0.0,0.0,4.839,13.0,1642198713792
0.0,0.0,4.839,13.0,1642198713863
0.0,0.0,4.849,13.0,1642198713936
0.0,0.0,4.839,13.0,1642198714006
0.0,0.0,4.86,13.0,1642198714072
0.0,0.0,4.86,13.0,1642198714163
0.0,0.0,4.87,13.0,1642198714227
0.0,0.0,4.86,13.0,1642198714286
0.0,0.0,4.86,13.0,1642198714354
0.0,0.0,4.87,13.0,1642198714428
0.0,0.0,4.88,13.0,1642198714496
0.0,0.0,4.87,13.0,1642198714566
0.0,0.0,4.891,13.0,1642198714638
0.0,0.0,4.88,13.0,1642198714706
0.0,0.0,4.891,13.0,1642198714778
35.16323471069336,139.6140899658203,4.891,13.0,1642198714778
0.0,0.0,4.891,13.0,1642198714842
0.0,0.0,4.901,13.0,1642198714912
0.0,0.0,4.901,13.0,1642198714981
0.0,0.0,4.901,13.0,1642198715066
0.0,0.0,4.891,13.0,1642198715124
0.0,0.0,4.891,13.0,1642198715237
0.0,0.0,4.891,13.0,1642198715264
0.0,0.0,4.87,13.0,1642198715357
0.0,0.0,4.87,13.0,1642198715454
0.0,0.0,4.86,13.0,1642198715477
0.0,0.0,4.87,13.0,1642198715576
0.0,0.0,4.88,13.0,1642198715614
0.0,0.0,4.88,13.0,1642198715685
0.0,0.0,4.88,13.0,1642198715754
35.16324234008789,139.6140899658203,4.88,13.0,1642198715754
0.0,0.0,4.901,13.0,1642198715844
0.0,0.0,4.912,13.0,1642198715893
0.0,0.0,4.912,13.0,1642198715982
0.0,0.0,4.932,13.0,1642198716092
0.0,0.0,4.943,13.0,1642198716104
0.0,0.0,4.953,13.0,1642198716175
0.0,0.0,4.974,13.0,1642198716288
0.0,0.0,4.964,13.0,1642198716333
0.0,0.0,4.974,13.0,1642198716385
0.0,0.0,4.964,13.0,1642198716467
0.0,0.0,4.964,13.0,1642198716526
0.0,0.0,4.964,13.0,1642198716649
0.0,0.0,4.953,13.0,1642198716693
0.0,0.0,4.943,13.0,1642198716735
35.16325759887695,139.61407470703125,4.943,13.0,1642198716735
0.0,0.0,4.943,13.0,1642198716803
0.0,0.0,4.922,13.0,1642198716873
0.0,0.0,4.922,13.0,1642198716944
0.0,0.0,4.912,13.0,1642198717013
0.0,0.0,4.901,13.0,1642198717082
0.0,0.0,4.901,13.0,1642198717156
0.0,0.0,4.912,13.0,1642198717224
0.0,0.0,4.912,13.0,1642198717295
0.0,0.0,4.922,13.0,1642198717366
0.0,0.0,4.922,13.0,1642198717436
0.0,0.0,4.932,13.0,1642198717507
0.0,0.0,4.943,13.0,1642198717576
0.0,0.0,4.943,13.0,1642198717645
0.0,0.0,4.964,13.0,1642198717716
0.0,0.0,4.964,13.0,1642198717783
35.16326904296875,139.61407470703125,4.964,13.0,1642198717783
0.0,0.0,4.964,13.0,1642198717855
0.0,0.0,4.974,13.0,1642198717923
0.0,0.0,4.974,13.0,1642198717995
0.0,0.0,4.974,13.0,1642198718062
0.0,0.0,4.964,13.0,1642198718133
0.0,0.0,4.953,13.0,1642198718205
0.0,0.0,4.943,13.0,1642198718275
0.0,0.0,4.922,13.0,1642198718345
0.0,0.0,4.912,13.0,1642198718415
0.0,0.0,4.901,13.0,1642198718486
0.0,0.0,4.891,13.0,1642198718556
0.0,0.0,4.88,13.0,1642198718624
0.0,0.0,4.88,13.0,1642198718696
0.0,0.0,4.86,13.0,1642198718773
35.16327667236328,139.61407470703125,4.86,13.0,1642198718773
0.0,0.0,4.86,13.0,1642198718834
0.0,0.0,4.87,13.0,1642198718906
0.0,0.0,4.87,13.0,1642198718975
0.0,0.0,4.88,13.0,1642198719043
0.0,0.0,4.891,13.0,1642198719114
0.0,0.0,4.912,13.0,1642198719186
0.0,0.0,4.943,13.0,1642198719257
0.0,0.0,4.953,13.0,1642198719326
0.0,0.0,4.984,13.0,1642198719396
0.0,0.0,4.995,13.0,1642198719468
0.0,0.0,4.995,13.0,1642198719536
0.0,0.0,5.005,13.0,1642198719606
0.0,0.0,5.016,13.0,1642198719677
0.0,0.0,5.005,13.0,1642198719746
35.16328811645508,139.6140594482422,5.005,13.0,1642198719746
0.0,0.0,5.005,13.0,1642198719814
0.0,0.0,5.016,13.0,1642198719885
0.0,0.0,5.005,13.0,1642198719990
0.0,0.0,5.005,13.0,1642198720023
0.0,0.0,4.995,13.0,1642198720111
0.0,0.0,5.005,13.0,1642198720167
0.0,0.0,5.005,13.0,1642198720254
0.0,0.0,4.995,13.0,1642198720339
0.0,0.0,5.005,13.0,1642198720379
0.0,0.0,5.005,13.0,1642198720445
0.0,0.0,5.016,13.0,1642198720520
0.0,0.0,5.016,13.0,1642198720611
0.0,0.0,5.016,13.0,1642198720658
0.0,0.0,5.005,13.0,1642198720727
35.163299560546875,139.6140594482422,5.005,13.0,1642198720727
0.0,0.0,4.995,13.0,1642198720795
0.0,0.0,4.995,13.0,1642198720876
0.0,0.0,4.995,13.0,1642198720966
0.0,0.0,5.016,13.0,1642198721006
0.0,0.0,5.005,13.0,1642198721073
0.0,0.0,4.995,13.0,1642198721146
0.0,0.0,4.995,13.0,1642198721215
0.0,0.0,4.995,13.0,1642198721286
0.0,0.0,4.984,13.0,1642198721359
0.0,0.0,5.016,13.0,1642198721426
0.0,0.0,5.026,13.0,1642198721498
0.0,0.0,5.036,13.0,1642198721567
0.0,0.0,5.057,13.0,1642198721636
0.0,0.0,5.057,13.0,1642198721707
0.0,0.0,5.068,13.0,1642198721776
35.163307189941406,139.6140594482422,5.068,13.0,1642198721776
0.0,0.0,5.057,13.0,1642198721845
0.0,0.0,5.068,13.0,1642198721914
0.0,0.0,5.078,13.0,1642198721989
0.0,0.0,5.089,13.0,1642198722060
0.0,0.0,5.089,13.0,1642198722124
0.0,0.0,5.089,13.0,1642198722194
0.0,0.0,5.089,13.0,1642198722266
0.0,0.0,5.078,13.0,1642198722336
0.0,0.0,5.078,13.0,1642198722406
0.0,0.0,5.078,13.0,1642198722476
0.0,0.0,5.078,13.0,1642198722549
0.0,0.0,5.078,13.0,1642198722616
0.0,0.0,5.078,13.0,1642198722687
0.0,0.0,5.089,13.0,1642198722771
35.1633186340332,139.61404418945312,5.089,13.0,1642198722771
0.0,0.0,5.078,13.0,1642198722825
0.0,0.0,5.078,13.0,1642198722896
0.0,0.0,5.089,13.0,1642198722963
0.0,0.0,5.089,13.0,1642198723070
0.0,0.0,5.109,13.0,1642198723105
0.0,0.0,5.109,13.0,1642198723177
0.0,0.0,5.109,13.0,1642198723247
0.0,0.0,5.109,13.0,1642198723317
0.0,0.0,5.12,13.0,1642198723388
0.0,0.0,5.12,13.0,1642198723458
0.0,0.0,5.141,13.0,1642198723530
0.0,0.0,5.141,13.0,1642198723598
0.0,0.0,5.151,13.0,1642198723669
0.0,0.0,5.172,13.0,1642198723738
35.163326263427734,139.61404418945312,5.172,13.0,1642198723738
0.0,0.0,5.172,13.0,1642198723812
0.0,0.0,5.161,13.0,1642198723875
0.0,0.0,5.172,13.0,1642198723962
0.0,0.0,5.172,13.0,1642198724014
0.0,0.0,5.172,13.0,1642198724085
0.0,0.0,5.161,13.0,1642198724161
0.0,0.0,5.161,13.0,1642198724232
0.0,0.0,5.151,13.0,1642198724323
0.0,0.0,5.141,13.0,1642198724366
0.0,0.0,5.141,13.0,1642198724437
0.0,0.0,5.141,13.2,1642198724505
0.0,0.0,5.13,13.2,1642198724596
0.0,0.0,5.12,13.2,1642198724653
0.0,0.0,5.13,13.2,1642198724726
35.163333892822266,139.61402893066406,5.13,13.2,1642198724726
0.0,0.0,5.13,13.2,1642198724784
0.0,0.0,5.13,13.2,1642198724855
0.0,0.0,5.151,13.2,1642198724925
0.0,0.0,5.151,13.2,1642198724995
0.0,0.0,5.161,13.2,1642198725064
0.0,0.0,5.172,13.2,1642198725138
0.0,0.0,5.182,13.2,1642198725210
0.0,0.0,5.193,13.2,1642198725281
0.0,0.0,5.193,13.2,1642198725348
0.0,0.0,5.182,13.2,1642198725418
0.0,0.0,5.182,13.2,1642198725490
0.0,0.0,5.182,13.2,1642198725557
0.0,0.0,5.172,13.2,1642198725625
0.0,0.0,5.172,13.2,1642198725697
0.0,0.0,5.151,13.2,1642198725769
35.16333770751953,139.614013671875,5.151,13.2,1642198725769
0.0,0.0,5.141,13.2,1642198725835
0.0,0.0,5.141,13.2,1642198725906
0.0,0.0,5.141,13.2,1642198725978
0.0,0.0,5.141,13.2,1642198726046
0.0,0.0,5.13,13.2,1642198726122
0.0,0.0,5.151,13.2,1642198726192
0.0,0.0,5.172,13.2,1642198726257
0.0,0.0,5.182,13.2,1642198726327
0.0,0.0,5.203,13.2,1642198726398
0.0,0.0,5.203,13.2,1642198726467
0.0,0.0,5.213,13.2,1642198726539
0.0,0.0,5.224,13.2,1642198726608
0.0,0.0,5.224,13.2,1642198726678
0.0,0.0,5.213,13.2,1642198726755
35.1633415222168,139.61399841308594,5.213,13.2,1642198726755
0.0,0.0,5.213,13.2,1642198726817
0.0,0.0,5.213,13.2,1642198726885
0.0,0.0,5.203,13.2,1642198726955
0.0,0.0,5.203,13.2,1642198727028
0.0,0.0,5.182,13.2,1642198727096
0.0,0.0,5.161,13.2,1642198727166
0.0,0.0,5.161,13.2,1642198727237
0.0,0.0,5.161,13.2,1642198727306
0.0,0.0,5.161,13.2,1642198727376
0.0,0.0,5.172,13.2,1642198727448
0.0,0.0,5.172,13.2,1642198727516
0.0,0.0,5.172,13.2,1642198727590
0.0,0.0,5.182,13.2,1642198727659
0.0,0.0,5.203,13.2,1642198727728
35.16334915161133,139.61399841308594,5.203,13.2,1642198727728
0.0,0.0,5.213,13.2,1642198727798
0.0,0.0,5.213,13.2,1642198727867
0.0,0.0,5.224,13.2,1642198727935
0.0,0.0,5.245,13.2,1642198728008
0.0,0.0,5.245,13.2,1642198728076
0.0,0.0,5.245,13.2,1642198728167
0.0,0.0,5.234,13.2,1642198728245
0.0,0.0,5.224,13.2,1642198728286
0.0,0.0,5.224,13.2,1642198728358
0.0,0.0,5.213,13.2,1642198728429
0.0,0.0,5.203,13.2,1642198728518
0.0,0.0,5.193,13.2,1642198728570
0.0,0.0,5.182,13.2,1642198728639
0.0,0.0,5.172,13.2,1642198728712
0.0,0.0,5.172,13.2,1642198728784
35.163352966308594,139.61398315429688,5.172,13.2,1642198728784
0.0,0.0,5.172,13.2,1642198728874
0.0,0.0,5.161,13.2,1642198728917
0.0,0.0,5.161,13.2,1642198728989
0.0,0.0,5.161,13.2,1642198729057
0.0,0.0,5.151,13.2,1642198729148
0.0,0.0,5.151,13.2,1642198729200
0.0,0.0,5.161,13.2,1642198729268
0.0,0.0,5.161,13.2,1642198729338
0.0,0.0,5.161,13.2,1642198729408
0.0,0.0,5.172,13.2,1642198729479
0.0,0.0,5.182,13.2,1642198729550
0.0,0.0,5.193,13.2,1642198729618
0.0,0.0,5.203,13.2,1642198729691
0.0,0.0,5.224,13.2,1642198729779
35.16335678100586,139.6139678955078,5.224,13.2,1642198729779
0.0,0.0,5.245,13.2,1642198729827
0.0,0.0,5.245,13.2,1642198729896
0.0,0.0,5.245,13.2,1642198729967
0.0,0.0,5.255,13.2,1642198730036
0.0,0.0,5.255,13.2,1642198730132
0.0,0.0,5.255,13.2,1642198730176
0.0,0.0,5.255,13.2,1642198730245
0.0,0.0,5.255,13.2,1642198730318
0.0,0.0,5.245,13.2,1642198730389
0.0,0.0,5.234,13.2,1642198730457
0.0,0.0,5.224,13.2,1642198730530
0.0,0.0,5.224,13.2,1642198730599
0.0,0.0,5.213,13.2,1642198730666
0.0,0.0,5.213,13.2,1642198730737
35.16336441040039,139.61395263671875,5.213,13.2,1642198730737
0.0,0.0,5.234,13.2,1642198730812
0.0,0.0,5.245,13.2,1642198730877
0.0,0.0,5.255,13.2,1642198730946
0.0,0.0,5.276,13.2,1642198731018
0.0,0.0,5.276,13.2,1642198731095
0.0,0.0,5.297,13.2,1642198731157
0.0,0.0,5.297,13.2,1642198731228
0.0,0.0,5.297,13.2,1642198731299
0.0,0.0,5.307,13.2,1642198731369
0.0,0.0,5.307,13.2,1642198731438
0.0,0.0,5.307,13.2,1642198731508
0.0,0.0,5.317,13.2,1642198731580
0.0,0.0,5.297,13.2,1642198731648
0.0,0.0,5.297,13.2,1642198731719
35.16337203979492,139.6139373779297,5.297,13.2,1642198731719
0.0,0.0,5.307,13.2,1642198731785
0.0,0.0,5.297,13.2,1642198731858
0.0,0.0,5.297,13.2,1642198731927
0.0,0.0,5.297,13.2,1642198731996
0.0,0.0,5.297,13.2,1642198732078
0.0,0.0,5.307,13.2,1642198732150
0.0,0.0,5.317,13.2,1642198732232
0.0,0.0,5.328,13.2,1642198732285
0.0,0.0,5.338,13.2,1642198732351
0.0,0.0,5.338,13.2,1642198732424
0.0,0.0,5.349,13.2,1642198732502
0.0,0.0,5.359,13.2,1642198732593
0.0,0.0,5.338,13.2,1642198732631
0.0,0.0,5.328,13.2,1642198732702
0.0,0.0,5.328,13.2,1642198732774
35.16337585449219,139.61392211914062,5.328,13.2,1642198732774
0.0,0.0,5.317,13.2,1642198732860
0.0,0.0,5.328,13.2,1642198732910
0.0,0.0,5.307,13.2,1642198732979
0.0,0.0,5.297,13.2,1642198733055
0.0,0.0,5.276,13.2,1642198733131
0.0,0.0,5.265,13.2,1642198733190
0.0,0.0,5.276,13.2,1642198733260
0.0,0.0,5.265,13.2,1642198733329
0.0,0.0,5.265,13.2,1642198733400
0.0,0.0,5.286,13.2,1642198733473
0.0,0.0,5.307,13.2,1642198733539
0.0,0.0,5.317,13.2,1642198733612
0.0,0.0,5.317,13.2,1642198733685
0.0,0.0,5.317,13.2,1642198733756
35.16338348388672,139.61390686035156,5.317,13.2,1642198733756
0.0,0.0,5.338,13.2,1642198733819
0.0,0.0,5.349,13.2,1642198733887
0.0,0.0,5.37,13.2,1642198733961
0.0,0.0,5.38,13.2,1642198734030
0.0,0.0,5.39,13.2,1642198734122
0.0,0.0,5.38,13.2,1642198734169
0.0,0.0,5.39,13.2,1642198734241
0.0,0.0,5.39,13.2,1642198734311
0.0,0.0,5.37,13.2,1642198734382
0.0,0.0,5.37,13.2,1642198734452
0.0,0.0,5.37,13.2,1642198734524
0.0,0.0,5.359,13.2,1642198734593
0.0,0.0,5.338,13.2,1642198734663
0.0,0.0,5.328,13.2,1642198734732
35.16339111328125,139.61390686035156,5.328,13.2,1642198734732
0.0,0.0,5.328,13.2,1642198734799
0.0,0.0,5.317,13.2,1642198734870
0.0,0.0,5.317,13.2,1642198734938
0.0,0.0,5.317,13.2,1642198735009
0.0,0.0,5.317,13.2,1642198735078
0.0,0.0,5.307,13.2,1642198735151
0.0,0.0,5.307,13.2,1642198735220
0.0,0.0,5.307,13.2,1642198735289
0.0,0.0,5.307,13.2,1642198735360
0.0,0.0,5.307,13.2,1642198735430
0.0,0.0,5.317,13.2,1642198735503
0.0,0.0,5.328,13.2,1642198735571
0.0,0.0,5.338,13.2,1642198735642
0.0,0.0,5.349,13.2,1642198735714
0.0,0.0,5.359,13.2,1642198735782
0.0,0.0,5.359,13.2,1642198735851
0.0,0.0,5.37,13.2,1642198735920
0.0,0.0,5.38,13.2,1642198735989
0.0,0.0,5.39,13.2,1642198736060
0.0,0.0,5.411,13.2,1642198736135
0.0,0.0,5.411,13.2,1642198736236
0.0,0.0,5.411,13.2,1642198736362
0.0,0.0,5.401,13.2,1642198736367
0.0,0.0,5.411,13.2,1642198736498
0.0,0.0,5.411,13.2,1642198736505
0.0,0.0,5.39,13.2,1642198736653
0.0,0.0,5.38,13.2,1642198736660
0.0,0.0,5.37,13.2,1642198736693
35.16340255737305,139.61387634277344,5.37,13.2,1642198736693
0.0,0.0,5.359,13.2,1642198736821
0.0,0.0,5.359,13.2,1642198736829
0.0,0.0,5.349,13.2,1642198736947
0.0,0.0,5.338,13.2,1642198736989
0.0,0.0,5.338,13.2,1642198737044
0.0,0.0,5.338,13.2,1642198737126
0.0,0.0,5.328,13.2,1642198737183
0.0,0.0,5.328,13.2,1642198737276
0.0,0.0,5.338,13.2,1642198737372
0.0,0.0,5.338,13.2,1642198737394
0.0,0.0,5.349,13.2,1642198737492
0.0,0.0,5.359,13.2,1642198737533
0.0,0.0,5.359,13.2,1642198737604
0.0,0.0,5.359,13.2,1642198737675
0.0,0.0,5.349,13.2,1642198737771
35.16340637207031,139.61387634277344,5.349,13.2,1642198737771
0.0,0.0,5.349,13.2,1642198737860
0.0,0.0,5.338,13.2,1642198737884
0.0,0.0,5.338,13.2,1642198737957
0.0,0.0,5.338,13.2,1642198738023
0.0,0.0,5.338,13.2,1642198738096
0.0,0.0,5.338,13.2,1642198738165
0.0,0.0,5.338,13.2,1642198738234
0.0,0.0,5.338,13.2,1642198738306
0.0,0.0,5.349,13.2,1642198738375
0.0,0.0,5.359,13.2,1642198738444
0.0,0.0,5.37,13.2,1642198738517
0.0,0.0,5.38,13.2,1642198738586
0.0,0.0,5.38,13.2,1642198738655
0.0,0.0,5.39,13.2,1642198738727
0.0,0.0,5.39,13.2,1642198738795
0.0,0.0,5.401,13.2,1642198738862
0.0,0.0,5.39,13.2,1642198738936
0.0,0.0,5.401,13.2,1642198739002
0.0,0.0,5.39,13.2,1642198739074
0.0,0.0,5.38,13.2,1642198739142
0.0,0.0,5.37,13.2,1642198739214
0.0,0.0,5.37,13.2,1642198739284
0.0,0.0,5.359,13.2,1642198739356
0.0,0.0,5.359,13.2,1642198739424
0.0,0.0,5.359,13.2,1642198739495
0.0,0.0,5.359,13.2,1642198739567
0.0,0.0,5.359,13.2,1642198739639
0.0,0.0,5.37,13.2,1642198739704
0.0,0.0,5.37,13.2,1642198739777
35.163414001464844,139.61386108398438,5.37,13.2,1642198739777
0.0,0.0,5.37,13.2,1642198739841
0.0,0.0,5.37,13.2,1642198739915
0.0,0.0,5.39,13.2,1642198739985
0.0,0.0,5.39,13.2,1642198740058
0.0,0.0,5.39,13.2,1642198740126
0.0,0.0,5.39,13.2,1642198740196
0.0,0.0,5.38,13.2,1642198740265
0.0,0.0,5.38,13.2,1642198740336
0.0,0.0,5.38,13.2,1642198740404
0.0,0.0,5.38,13.2,1642198740475
0.0,0.0,5.38,13.2,1642198740544
0.0,0.0,5.38,13.2,1642198740615
0.0,0.0,5.359,13.2,1642198740697
0.0,0.0,5.359,13.2,1642198740787
0.0,0.0,5.359,13.2,1642198740823
0.0,0.0,5.349,13.2,1642198740896
0.0,0.0,5.338,13.2,1642198740965
0.0,0.0,5.338,13.2,1642198741119
0.0,0.0,5.338,13.2,1642198741125
0.0,0.0,5.328,13.2,1642198741172
0.0,0.0,5.317,13.2,1642198741244
0.0,0.0,5.317,13.2,1642198741327
0.0,0.0,5.307,13.2,1642198741417
0.0,0.0,5.297,13.2,1642198741458
0.0,0.0,5.297,13.2,1642198741529
0.0,0.0,5.307,13.2,1642198741597
0.0,0.0,5.297,13.2,1642198741671
0.0,0.0,5.297,13.2,1642198741734
35.16341781616211,139.61383056640625,5.297,13.2,1642198741734
0.0,0.0,5.297,13.2,1642198741804
0.0,0.0,5.286,13.2,1642198741875
0.0,0.0,5.297,13.2,1642198741945
0.0,0.0,5.297,13.2,1642198742015
0.0,0.0,5.297,13.2,1642198742086
0.0,0.0,5.297,13.2,1642198742158
0.0,0.0,5.297,13.2,1642198742228
0.0,0.0,5.297,13.2,1642198742296
0.0,0.0,5.297,13.2,1642198742369
0.0,0.0,5.297,13.2,1642198742437
0.0,0.0,5.297,13.2,1642198742506
0.0,0.0,5.307,13.2,1642198742581
0.0,0.0,5.317,13.2,1642198742647
0.0,0.0,5.317,13.2,1642198742716
0.0,0.0,5.328,13.2,1642198742789
0.0,0.0,5.328,13.2,1642198742854
0.0,0.0,5.338,13.2,1642198742924
0.0,0.0,5.338,13.2,1642198742994
0.0,0.0,5.338,13.2,1642198743083
0.0,0.0,5.349,13.2,1642198743135
0.0,0.0,5.338,13.2,1642198743205
0.0,0.0,5.338,13.2,1642198743277
0.0,0.0,5.317,13.2,1642198743347
0.0,0.0,5.317,13.2,1642198743418
0.0,0.0,5.307,13.2,1642198743487
0.0,0.0,5.286,13.2,1642198743558
0.0,0.0,5.276,13.2,1642198743628
0.0,0.0,5.265,13.2,1642198743695
0.0,0.0,5.255,13.2,1642198743777
35.163421630859375,139.6138153076172,5.255,13.2,1642198743777
0.0,0.0,5.255,13.2,1642198743834
0.0,0.0,5.245,13.2,1642198743907
0.0,0.0,5.234,13.2,1642198743976
0.0,0.0,5.213,13.2,1642198744045
0.0,0.0,5.213,13.2,1642198744114
0.0,0.0,5.213,13.2,1642198744186
0.0,0.0,5.224,13.2,1642198744256
0.0,0.0,5.224,13.2,1642198744325
0.0,0.0,5.213,13.2,1642198744395
0.0,0.0,5.203,13.2,1642198744472
0.0,0.0,5.182,13.2,1642198744563
0.0,0.0,5.172,13.2,1642198744607
0.0,0.0,5.161,13.2,1642198744676
0.0,0.0,5.141,13.2,1642198744747
0.0,0.0,5.161,13.2,1642198744827
0.0,0.0,5.172,13.2,1642198744920
0.0,0.0,5.172,13.2,1642198744955
0.0,0.0,5.13,13.2,1642198745025
0.0,0.0,5.099,13.2,1642198745094
0.0,0.0,5.057,13.2,1642198745185
0.0,0.0,5.036,13.2,1642198745235
0.0,0.0,5.036,13.2,1642198745306
0.0,0.0,5.036,13.2,1642198745374
0.0,0.0,5.016,13.2,1642198745446
0.0,0.0,5.016,13.2,1642198745519
0.0,0.0,5.036,13.2,1642198745586
0.0,0.0,5.026,13.2,1642198745658
0.0,0.0,5.026,13.2,1642198745725
35.16342544555664,139.6138153076172,5.026,13.2,1642198745725
0.0,0.0,5.016,13.2,1642198745795
0.0,0.0,5.047,13.2,1642198745864
0.0,0.0,5.078,13.2,1642198745935
0.0,0.0,5.109,13.2,1642198746006
0.0,0.0,5.13,13.2,1642198746076
0.0,0.0,5.151,13.2,1642198746146
0.0,0.0,5.182,13.2,1642198746215
0.0,0.0,5.203,13.2,1642198746286
0.0,0.0,5.203,13.2,1642198746357
0.0,0.0,5.193,13.2,1642198746428
0.0,0.0,5.172,13.2,1642198746496
0.0,0.0,5.161,13.2,1642198746566
0.0,0.0,5.141,13.2,1642198746639
0.0,0.0,5.13,13.2,1642198746706
0.0,0.0,5.109,13.2,1642198746776
0.0,0.0,5.089,13.2,1642198746845
0.0,0.0,5.057,13.2,1642198746915
0.0,0.0,5.036,13.2,1642198746987
0.0,0.0,5.016,13.2,1642198747055
0.0,0.0,4.995,13.2,1642198747124
0.0,0.0,4.974,13.2,1642198747242
0.0,0.0,4.964,13.2,1642198747267
0.0,0.0,4.953,13.2,1642198747335
0.0,0.0,4.974,13.2,1642198747404
0.0,0.0,4.984,13.2,1642198747476
0.0,0.0,4.974,13.2,1642198747546
0.0,0.0,4.974,13.2,1642198747615
0.0,0.0,4.964,13.2,1642198747686
0.0,0.0,4.953,13.2,1642198747764
35.163429260253906,139.61380004882812,4.953,13.2,1642198747764
0.0,0.0,4.932,13.2,1642198747823
0.0,0.0,4.922,13.2,1642198747895
0.0,0.0,4.922,13.2,1642198747965
0.0,0.0,4.932,13.2,1642198748036
0.0,0.0,4.943,13.2,1642198748106
0.0,0.0,4.953,13.2,1642198748175
0.0,0.0,4.953,13.2,1642198748246
0.0,0.0,4.964,13.2,1642198748316
0.0,0.0,4.974,13.2,1642198748387
0.0,0.0,4.995,13.2,1642198748459
0.0,0.0,5.026,13.2,1642198748529
0.0,0.0,5.036,13.2,1642198748596
0.0,0.0,5.057,13.2,1642198748688
0.0,0.0,5.068,13.2,1642198748736
0.0,0.0,5.089,13.2,1642198748806
0.0,0.0,5.099,13.2,1642198748875
0.0,0.0,5.099,13.2,1642198748957
0.0,0.0,5.099,13.2,1642198749045
0.0,0.0,5.099,13.2,1642198749084
0.0,0.0,5.078,13.2,1642198749156
0.0,0.0,5.078,13.2,1642198749228
0.0,0.0,5.068,13.2,1642198749319
0.0,0.0,5.047,13.2,1642198749365
0.0,0.0,5.016,13.2,1642198749437
0.0,0.0,4.995,13.2,1642198749506
0.0,0.0,4.984,13.2,1642198749580
0.0,0.0,4.974,13.2,1642198749647
0.0,0.0,4.964,13.2,1642198749717
0.0,0.0,4.953,13.2,1642198749786
0.0,0.0,4.932,13.2,1642198749856
0.0,0.0,4.912,13.2,1642198749927
0.0,0.0,4.891,13.2,1642198749995
0.0,0.0,4.88,13.2,1642198750067
0.0,0.0,4.88,13.2,1642198750137
0.0,0.0,4.87,13.2,1642198750207
0.0,0.0,4.849,13.2,1642198750276
0.0,0.0,4.828,13.2,1642198750347
0.0,0.0,4.797,13.2,1642198750416
0.0,0.0,4.776,13.2,1642198750486
0.0,0.0,4.745,13.2,1642198750559
0.0,0.0,4.724,13.2,1642198750626
0.0,0.0,4.693,13.2,1642198750698
0.0,0.0,4.683,13.2,1642198750778
35.16343307495117,139.61378479003906,4.683,13.2,1642198750778
0.0,0.0,4.662,13.2,1642198750835
0.0,0.0,4.631,13.2,1642198750907
0.0,0.0,4.61,13.2,1642198750979
0.0,0.0,4.641,13.2,1642198751048
0.0,0.0,4.683,13.2,1642198751116
0.0,0.0,4.735,13.2,1642198751185
0.0,0.0,4.766,13.2,1642198751256
0.0,0.0,4.787,13.2,1642198751327
0.0,0.0,4.776,13.2,1642198751397
0.0,0.0,4.787,13.2,1642198751469
0.0,0.0,4.787,13.2,1642198751536
0.0,0.0,4.849,13.2,1642198751608
0.0,0.0,4.912,13.2,1642198751679
0.0,0.0,4.953,13.2,1642198751766
0.0,0.0,4.974,13.2,1642198751815
0.0,0.0,4.922,13.2,1642198751887
0.0,0.0,4.86,13.2,1642198751957
0.0,0.0,4.787,13.2,1642198752027
0.0,0.0,4.724,13.2,1642198752130
0.0,0.0,4.703,13.2,1642198752163
0.0,0.0,4.683,13.2,1642198752238
0.0,0.0,4.683,13.2,1642198752306
0.0,0.0,4.651,13.2,1642198752376
0.0,0.0,4.579,13.2,1642198752446
0.0,0.0,4.506,13.2,1642198752516
0.0,0.0,4.433,13.2,1642198752587
0.0,0.0,4.412,13.2,1642198752654
0.0,0.0,4.412,13.2,1642198752724
35.16343688964844,139.61376953125,4.412,13.2,1642198752724
0.0,0.0,4.433,13.2,1642198752802
0.0,0.0,4.443,13.2,1642198752890
0.0,0.0,4.485,13.2,1642198752935
0.0,0.0,4.485,13.2,1642198753008
0.0,0.0,4.506,13.2,1642198753076
0.0,0.0,4.547,13.2,1642198753160
0.0,0.0,4.568,13.2,1642198753215
0.0,0.0,4.589,13.2,1642198753285
0.0,0.0,4.61,13.2,1642198753355
0.0,0.0,4.631,13.2,1642198753432
0.0,0.0,4.641,13.2,1642198753522
0.0,0.0,4.651,13.2,1642198753561
0.0,0.0,4.662,13.2,1642198753630
0.0,0.0,4.683,13.2,1642198753701
0.0,0.0,4.672,13.2,1642198753772
0.0,0.0,4.672,13.2,1642198753842
0.0,0.0,4.641,13.2,1642198753915
0.0,0.0,4.61,13.2,1642198753982
0.0,0.0,4.599,13.2,1642198754051
0.0,0.0,4.589,13.2,1642198754121
0.0,0.0,4.599,13.2,1642198754191
0.0,0.0,4.61,13.2,1642198754261
0.0,0.0,4.62,13.2,1642198754331
0.0,0.0,4.631,13.2,1642198754401
0.0,0.0,4.62,13.2,1642198754471
0.0,0.0,4.62,13.2,1642198754543
0.0,0.0,4.62,13.2,1642198754610
0.0,0.0,4.62,13.2,1642198754680
0.0,0.0,4.61,13.2,1642198754750
0.0,0.0,4.599,13.2,1642198754821
0.0,0.0,4.61,13.2,1642198754890
0.0,0.0,4.62,13.2,1642198754961
0.0,0.0,4.62,13.2,1642198755030
0.0,0.0,4.599,13.2,1642198755101
0.0,0.0,4.589,13.2,1642198755171
0.0,0.0,4.589,13.2,1642198755240
0.0,0.0,4.579,13.2,1642198755310
0.0,0.0,4.589,13.2,1642198755381
0.0,0.0,4.589,13.2,1642198755450
0.0,0.0,4.599,13.2,1642198755526
0.0,0.0,4.62,13.2,1642198755595
0.0,0.0,4.641,13.2,1642198755666
0.0,0.0,4.651,13.2,1642198755736
0.0,0.0,4.651,13.2,1642198755805
0.0,0.0,4.662,13.2,1642198755875
0.0,0.0,4.672,13.2,1642198755946
0.0,0.0,4.672,13.2,1642198756017
0.0,0.0,4.672,13.2,1642198756090
0.0,0.0,4.672,13.2,1642198756182
0.0,0.0,4.651,13.2,1642198756226
0.0,0.0,4.641,13.2,1642198756296
0.0,0.0,4.62,13.2,1642198756399
0.0,0.0,4.61,13.2,1642198756436
0.0,0.0,4.599,13.2,1642198756556
0.0,0.0,4.589,13.2,1642198756575
0.0,0.0,4.579,13.2,1642198756644
0.0,0.0,4.568,13.2,1642198756720
0.0,0.0,4.558,13.2,1642198756842
0.0,0.0,4.558,13.2,1642198756854
0.0,0.0,4.558,13.2,1642198756935
0.0,0.0,4.547,13.2,1642198756994
0.0,0.0,4.547,13.2,1642198757118
0.0,0.0,4.547,13.2,1642198757160
0.0,0.0,4.547,13.2,1642198757203
0.0,0.0,4.537,13.2,1642198757352
0.0,0.0,4.537,13.2,1642198757358
0.0,0.0,4.537,13.2,1642198757457
0.0,0.0,4.527,13.2,1642198757483
0.0,0.0,4.516,13.2,1642198757562
0.0,0.0,4.527,13.2,1642198757626
0.0,0.0,4.516,13.2,1642198757725
0.0,0.0,4.516,13.2,1642198757765
0.0,0.0,4.516,13.2,1642198757852
0.0,0.0,4.475,13.2,1642198757905
0.0,0.0,4.443,13.2,1642198757976
0.0,0.0,4.422,13.2,1642198758047
0.0,0.0,4.412,13.2,1642198758116
0.0,0.0,4.422,13.2,1642198758186
0.0,0.0,4.443,13.2,1642198758256
0.0,0.0,4.454,13.2,1642198758325
0.0,0.0,4.433,13.2,1642198758394
0.0,0.0,4.412,13.2,1642198758465
0.0,0.0,4.412,13.2,1642198758537
0.0,0.0,4.412,13.2,1642198758608
0.0,0.0,4.412,13.2,1642198758678
0.0,0.0,4.454,13.2,1642198758746
0.0,0.0,4.495,13.2,1642198758814
0.0,0.0,4.527,13.2,1642198758885
0.0,0.0,4.537,13.2,1642198758955
0.0,0.0,4.485,13.2,1642198759025
0.0,0.0,4.443,13.2,1642198759095
0.0,0.0,4.433,13.2,1642198759165
0.0,0.0,4.475,13.2,1642198759234
0.0,0.0,4.506,13.2,1642198759304
0.0,0.0,4.464,13.2,1642198759375
0.0,0.0,4.422,13.2,1642198759445
0.0,0.0,4.37,13.2,1642198759516
0.0,0.0,4.318,13.2,1642198759585
0.0,0.0,4.256,13.2,1642198759655
0.0,0.0,4.194,13.2,1642198759725
35.1634407043457,139.61375427246094,4.194,13.2,1642198759725
0.0,0.0,4.141,13.2,1642198759795
0.0,0.0,4.152,13.2,1642198759862
0.0,0.0,4.152,13.2,1642198759934
0.0,0.0,4.121,13.2,1642198760004
0.0,0.0,4.058,13.2,1642198760074
0.0,0.0,3.996,13.2,1642198760143
0.0,0.0,4.017,13.2,1642198760214
0.0,0.0,4.037,13.2,1642198760284
0.0,0.0,4.058,13.2,1642198760355
0.0,0.0,4.069,13.2,1642198760425
0.0,0.0,4.079,13.2,1642198760495
0.0,0.0,4.089,13.2,1642198760564
0.0,0.0,4.11,13.2,1642198760636
0.0,0.0,4.089,13.2,1642198760704
0.0,0.0,4.089,13.2,1642198760783
0.0,0.0,4.089,13.2,1642198760871
0.0,0.0,4.11,13.2,1642198760913
0.0,0.0,4.121,13.2,1642198760983
0.0,0.0,4.11,13.2,1642198761054
0.0,0.0,4.079,13.2,1642198761143
0.0,0.0,4.048,13.2,1642198761196
0.0,0.0,4.037,13.2,1642198761264
0.0,0.0,4.027,13.2,1642198761336
0.0,0.0,4.017,13.2,1642198761415
0.0,0.0,3.996,13.2,1642198761503
0.0,0.0,3.985,13.2,1642198761544
0.0,0.0,3.985,13.2,1642198761615
0.0,0.0,4.027,13.2,1642198761685
0.0,0.0,4.027,13.2,1642198761758
35.16344451904297,139.61373901367188,4.027,13.2,1642198761758
0.0,0.0,4.037,13.2,1642198761822
0.0,0.0,4.037,13.2,1642198761897
0.0,0.0,4.048,13.2,1642198761967
0.0,0.0,4.058,13.2,1642198762035
0.0,0.0,4.1,13.2,1642198762105
0.0,0.0,4.141,13.2,1642198762174
0.0,0.0,4.204,13.2,1642198762246
0.0,0.0,4.256,13.2,1642198762317
0.0,0.0,4.308,13.2,1642198762386
0.0,0.0,4.339,13.2,1642198762455
0.0,0.0,4.287,13.2,1642198762525
0.0,0.0,4.277,13.2,1642198762598
0.0,0.0,4.277,13.2,1642198762666
0.0,0.0,4.277,13.2,1642198762737
0.0,0.0,4.277,13.2,1642198762806
0.0,0.0,4.277,13.2,1642198762872
0.0,0.0,4.246,13.2,1642198762942
0.0,0.0,4.204,13.2,1642198763012
0.0,0.0,4.131,13.2,1642198763081
0.0,0.0,4.089,13.2,1642198763152
0.0,0.0,4.058,13.2,1642198763224
0.0,0.0,4.079,13.2,1642198763365
0.0,0.0,4.162,13.2,1642198763435
0.0,0.0,4.204,13.2,1642198763505
0.0,0.0,4.214,13.2,1642198763576
0.0,0.0,4.204,13.2,1642198763649
0.0,0.0,4.225,13.2,1642198763716
0.0,0.0,4.277,13.2,1642198763785
0.0,0.0,4.339,13.2,1642198763855
0.0,0.0,4.433,13.2,1642198763926
0.0,0.0,4.516,13.2,1642198763994
0.0,0.0,4.62,13.2,1642198764064
0.0,0.0,4.693,13.2,1642198764136
0.0,0.0,4.631,13.2,1642198764205
0.0,0.0,4.558,13.2,1642198764275
0.0,0.0,4.579,13.2,1642198764345
0.0,0.0,4.631,13.2,1642198764415
0.0,0.0,4.683,13.2,1642198764486
0.0,0.0,4.724,13.2,1642198764558
0.0,0.0,4.683,13.2,1642198764625
0.0,0.0,4.662,13.2,1642198764697
0.0,0.0,4.61,13.2,1642198764785
35.16344451904297,139.6137237548828,4.61,13.2,1642198764785
0.0,0.0,4.589,13.2,1642198764859
0.0,0.0,4.547,13.2,1642198764908
0.0,0.0,4.537,13.2,1642198764976
0.0,0.0,4.641,13.2,1642198765044
0.0,0.0,4.735,13.2,1642198765127
0.0,0.0,4.724,13.2,1642198765216
0.0,0.0,4.703,13.2,1642198765256
0.0,0.0,4.62,13.2,1642198765327
0.0,0.0,4.537,13.2,1642198765396
0.0,0.0,4.547,13.2,1642198765488
0.0,0.0,4.485,13.2,1642198765538
0.0,0.0,4.527,13.2,1642198765607
0.0,0.0,4.537,13.2,1642198765678
0.0,0.0,4.568,13.2,1642198765749
0.0,0.0,4.599,13.2,1642198765818
0.0,0.0,4.568,13.2,1642198765885
0.0,0.0,4.516,13.2,1642198765954
0.0,0.0,4.537,13.2,1642198766025
0.0,0.0,4.537,13.2,1642198766123
0.0,0.0,4.599,13.2,1642198766164
0.0,0.0,4.693,13.2,1642198766234
0.0,0.0,4.631,13.2,1642198766306
0.0,0.0,4.693,13.2,1642198766373
0.0,0.0,4.703,13.2,1642198766445
0.0,0.0,4.693,13.2,1642198766518
0.0,0.0,4.693,13.2,1642198766586
0.0,0.0,4.683,13.2,1642198766657
0.0,0.0,4.651,13.2,1642198766724
35.16344451904297,139.61370849609375,4.651,13.2,1642198766724
0.0,0.0,4.651,13.2,1642198766794
0.0,0.0,4.61,13.2,1642198766864
0.0,0.0,4.589,13.2,1642198766934
0.0,0.0,4.558,13.2,1642198767004
0.0,0.0,4.495,13.2,1642198767075
0.0,0.0,4.589,13.2,1642198767146
0.0,0.0,4.537,13.2,1642198767217
0.0,0.0,4.506,13.2,1642198767284
0.0,0.0,4.537,13.2,1642198767355
0.0,0.0,4.537,13.2,1642198767426
0.0,0.0,4.537,13.2,1642198767497
0.0,0.0,4.61,13.2,1642198767565
0.0,0.0,4.641,13.2,1642198767635
0.0,0.0,4.703,13.2,1642198767705
0.0,0.0,4.735,13.2,1642198767777
0.0,0.0,4.735,13.2,1642198767847
0.0,0.0,4.776,13.2,1642198767914
0.0,0.0,4.756,13.2,1642198767988
0.0,0.0,4.776,13.2,1642198768083
0.0,0.0,4.891,13.2,1642198768125
0.0,0.0,4.901,13.2,1642198768195
0.0,0.0,4.932,13.2,1642198768265
0.0,0.0,4.974,13.2,1642198768338
0.0,0.0,4.953,13.2,1642198768407
0.0,0.0,4.995,13.2,1642198768476
0.0,0.0,5.016,13.2,1642198768547
0.0,0.0,5.047,13.2,1642198768617
0.0,0.0,5.068,13.2,1642198768687
0.0,0.0,5.036,13.2,1642198768760
35.16344451904297,139.6136932373047,5.036,13.2,1642198768760
0.0,0.0,5.005,13.2,1642198768826
0.0,0.0,4.974,13.2,1642198768898
0.0,0.0,4.922,13.2,1642198768968
0.0,0.0,4.901,13.2,1642198769039
0.0,0.0,4.891,13.2,1642198769107
0.0,0.0,4.87,13.2,1642198769177
0.0,0.0,4.86,13.2,1642198769247
0.0,0.0,4.818,13.2,1642198769317
0.0,0.0,4.797,13.2,1642198769388
0.0,0.0,4.797,13.2,1642198769475
0.0,0.0,4.828,13.2,1642198769528
0.0,0.0,4.88,13.2,1642198769596
0.0,0.0,4.891,13.2,1642198769666
0.0,0.0,4.932,13.2,1642198769745
0.0,0.0,4.964,13.2,1642198769836
0.0,0.0,5.005,13.2,1642198769876
0.0,0.0,5.026,13.2,1642198769945
0.0,0.0,5.068,13.2,1642198770016
0.0,0.0,5.089,13.2,1642198770103
0.0,0.0,5.13,13.2,1642198770156
0.0,0.0,5.172,13.2,1642198770225
0.0,0.0,5.182,13.2,1642198770297
0.0,0.0,5.193,13.2,1642198770367
0.0,0.0,5.182,13.2,1642198770437
0.0,0.0,5.224,13.2,1642198770506
0.0,0.0,5.224,13.2,1642198770577
0.0,0.0,5.213,13.2,1642198770647
0.0,0.0,5.234,13.2,1642198770718
35.1634521484375,139.61367797851562,5.234,13.2,1642198770718
0.0,0.0,5.245,13.2,1642198770789
0.0,0.0,5.245,13.2,1642198770856
0.0,0.0,5.255,13.2,1642198770930
0.0,0.0,5.255,13.2,1642198771002
0.0,0.0,5.255,13.2,1642198771070
0.0,0.0,5.255,13.2,1642198771143
0.0,0.0,5.276,13.2,1642198771207
0.0,0.0,5.307,13.2,1642198771280
0.0,0.0,5.286,13.2,1642198771352
0.0,0.0,5.307,13.2,1642198771420
0.0,0.0,5.328,13.2,1642198771492
0.0,0.0,5.317,13.2,1642198771560
0.0,0.0,5.328,13.2,1642198771630
0.0,0.0,5.328,13.2,1642198771699
0.0,0.0,5.338,13.2,1642198771777
35.16345977783203,139.61366271972656,5.338,13.2,1642198771777
0.0,0.0,5.338,13.2,1642198771841
0.0,0.0,5.37,13.2,1642198771906
0.0,0.0,5.38,13.2,1642198771976
0.0,0.0,5.39,13.2,1642198772047
0.0,0.0,5.411,13.2,1642198772119
0.0,0.0,5.432,13.2,1642198772189
0.0,0.0,5.463,13.2,1642198772260
0.0,0.0,5.494,13.2,1642198772330
0.0,0.0,5.526,13.2,1642198772401
0.0,0.0,5.546,13.2,1642198772470
0.0,0.0,5.578,13.2,1642198772538
0.0,0.0,5.598,13.2,1642198772607
0.0,0.0,5.619,13.2,1642198772678
0.0,0.0,5.64,13.2,1642198772768
35.1634635925293,139.6136474609375,5.64,13.2,1642198772768
0.0,0.0,5.661,13.2,1642198772818
0.0,0.0,5.682,13.2,1642198772887
0.0,0.0,5.692,13.2,1642198772959
0.0,0.0,5.703,13.2,1642198773026
0.0,0.0,5.703,13.2,1642198773096
0.0,0.0,5.713,13.2,1642198773165
0.0,0.0,5.703,13.2,1642198773237
0.0,0.0,5.703,13.2,1642198773311
0.0,0.0,5.692,13.2,1642198773384
0.0,0.0,5.703,13.2,1642198773463
0.0,0.0,5.703,13.2,1642198773553
0.0,0.0,5.692,13.2,1642198773593
0.0,0.0,5.692,13.2,1642198773662
0.0,0.0,5.692,13.2,1642198773734
35.16346740722656,139.61363220214844,5.692,13.2,1642198773734
0.0,0.0,5.703,13.2,1642198773821
0.0,0.0,5.692,13.2,1642198773870
0.0,0.0,5.703,13.2,1642198773939
0.0,0.0,5.713,13.2,1642198774010
0.0,0.0,5.703,13.2,1642198774097
0.0,0.0,5.713,13.2,1642198774183
0.0,0.0,5.723,13.2,1642198774221
0.0,0.0,5.723,13.2,1642198774291
0.0,0.0,5.723,13.2,1642198774363
0.0,0.0,5.734,13.2,1642198774432
0.0,0.0,5.744,13.2,1642198774503
0.0,0.0,5.755,13.2,1642198774573
0.0,0.0,5.775,13.2,1642198774642
0.0,0.0,5.796,13.2,1642198774712
0.0,0.0,5.817,13.2,1642198774780
35.163475036621094,139.61361694335938,5.817,13.2,1642198774780
0.0,0.0,5.838,13.2,1642198774849
0.0,0.0,5.848,13.2,1642198774920
0.0,0.0,5.869,13.2,1642198774990
0.0,0.0,5.89,13.2,1642198775062
0.0,0.0,5.911,13.2,1642198775133
0.0,0.0,5.911,13.2,1642198775203
0.0,0.0,5.921,13.2,1642198775272
0.0,0.0,5.921,13.2,1642198775343
0.0,0.0,5.931,13.2,1642198775448
0.0,0.0,5.9,13.2,1642198775501
0.0,0.0,5.879,13.2,1642198775550
0.0,0.0,5.869,13.2,1642198775626
0.0,0.0,5.848,13.2,1642198775692
0.0,0.0,5.827,13.2,1642198775769
35.16347885131836,139.61361694335938,5.827,13.2,1642198775769
0.0,0.0,5.807,13.2,1642198775833
0.0,0.0,5.796,13.2,1642198775908
0.0,0.0,5.786,13.2,1642198776014
0.0,0.0,5.786,13.2,1642198776040
0.0,0.0,5.765,13.2,1642198776108
0.0,0.0,5.765,13.2,1642198776179
0.0,0.0,5.786,13.2,1642198776269
0.0,0.0,5.807,13.2,1642198776369
0.0,0.0,5.827,13.2,1642198776392
0.0,0.0,5.848,13.2,1642198776493
0.0,0.0,5.869,13.2,1642198776537
0.0,0.0,5.89,13.2,1642198776609
0.0,0.0,5.9,13.2,1642198776672
0.0,0.0,5.9,13.2,1642198776776
35.16348648071289,139.6136016845703,5.9,13.2,1642198776776
0.0,0.0,5.9,13.2,1642198776811
0.0,0.0,5.911,13.2,1642198776890
0.0,0.0,5.931,13.2,1642198777049
0.0,0.0,5.921,13.2,1642198777057
0.0,0.0,5.9,13.2,1642198777107
0.0,0.0,5.879,13.2,1642198777205
0.0,0.0,5.869,13.2,1642198777231
0.0,0.0,5.869,13.2,1642198777325
0.0,0.0,5.859,13.2,1642198777371
0.0,0.0,5.859,13.2,1642198777521
0.0,0.0,5.848,13.2,1642198777541
0.0,0.0,5.859,13.2,1642198777632
0.0,0.0,5.879,13.2,1642198777655
0.0,0.0,5.879,13.2,1642198777724
35.16349411010742,139.61358642578125,5.879,13.2,1642198777724
0.0,0.0,5.879,13.2,1642198777789
0.0,0.0,5.89,13.2,1642198777869
0.0,0.0,5.9,13.2,1642198777956
0.0,0.0,5.911,13.2,1642198778018
0.0,0.0,5.911,13.2,1642198778074
0.0,0.0,5.9,13.2,1642198778146
0.0,0.0,5.911,13.2,1642198778230
0.0,0.0,5.9,13.2,1642198778321
0.0,0.0,5.89,13.2,1642198778356
0.0,0.0,5.879,13.2,1642198778424
0.0,0.0,5.869,13.2,1642198778497
0.0,0.0,5.869,13.2,1642198778565
0.0,0.0,5.869,13.2,1642198778634
0.0,0.0,5.848,13.2,1642198778705
0.0,0.0,5.848,13.2,1642198778777
35.16350173950195,139.6135711669922,5.848,13.2,1642198778777
0.0,0.0,5.848,13.2,1642198778842
0.0,0.0,5.859,13.2,1642198778912
0.0,0.0,5.859,13.2,1642198778984
0.0,0.0,5.869,13.2,1642198779052
0.0,0.0,5.869,13.2,1642198779162
0.0,0.0,5.9,13.2,1642198779191
0.0,0.0,5.911,13.2,1642198779266
0.0,0.0,5.921,13.2,1642198779334
0.0,0.0,5.942,13.2,1642198779405
0.0,0.0,5.942,13.2,1642198779475
0.0,0.0,5.952,13.2,1642198779547
0.0,0.0,5.973,13.2,1642198779615
0.0,0.0,5.963,13.2,1642198779685
0.0,0.0,5.963,13.2,1642198779777
35.163509368896484,139.61355590820312,5.963,13.2,1642198779777
0.0,0.0,5.952,13.2,1642198779827
0.0,0.0,5.952,13.2,1642198779892
0.0,0.0,5.952,13.2,1642198779962
0.0,0.0,5.942,13.2,1642198780051
0.0,0.0,5.921,13.2,1642198780104
0.0,0.0,5.921,13.2,1642198780180
0.0,0.0,5.9,13.2,1642198780245
0.0,0.0,5.89,13.2,1642198780313
0.0,0.0,5.9,13.2,1642198780386
0.0,0.0,5.9,13.2,1642198780455
0.0,0.0,5.911,13.2,1642198780525
0.0,0.0,5.911,13.2,1642198780596
0.0,0.0,5.921,13.2,1642198780666
0.0,0.0,5.931,13.2,1642198780735
35.16351318359375,139.61355590820312,5.931,13.2,1642198780735
0.0,0.0,5.942,13.2,1642198780804
0.0,0.0,5.952,13.2,1642198780875
0.0,0.0,5.973,13.2,1642198780943
0.0,0.0,5.973,13.2,1642198781014
0.0,0.0,5.984,13.2,1642198781084
0.0,0.0,5.994,13.2,1642198781151
0.0,0.0,5.994,13.2,1642198781226
0.0,0.0,6.004,13.2,1642198781294
0.0,0.0,6.004,13.2,1642198781366
0.0,0.0,6.004,13.2,1642198781435
0.0,0.0,6.004,13.2,1642198781530
0.0,0.0,5.994,13.2,1642198781648
0.0,0.0,6.004,13.2,1642198781719
35.163516998291016,139.61354064941406,6.004,13.2,1642198781719
0.0,0.0,5.973,13.2,1642198781790
0.0,0.0,5.984,13.2,1642198781878
0.0,0.0,5.973,13.2,1642198781927
0.0,0.0,5.984,13.2,1642198781992
0.0,0.0,6.004,13.2,1642198782066
0.0,0.0,5.994,13.2,1642198782150
0.0,0.0,5.994,13.2,1642198782277
0.0,0.0,5.984,13.2,1642198782348
0.0,0.0,5.994,13.2,1642198782423
0.0,0.0,5.984,13.2,1642198782493
0.0,0.0,5.984,13.2,1642198782562
0.0,0.0,5.994,13.2,1642198782631
0.0,0.0,6.004,13.2,1642198782699
0.0,0.0,6.015,13.2,1642198782776
35.16352081298828,139.613525390625,6.015,13.2,1642198782776
0.0,0.0,6.015,13.2,1642198782838
0.0,0.0,6.015,13.2,1642198782909
0.0,0.0,6.015,13.2,1642198782980
0.0,0.0,6.025,13.2,1642198783050
0.0,0.0,6.036,13.2,1642198783119
0.0,0.0,6.046,13.2,1642198783190
0.0,0.0,6.056,13.2,1642198783259
0.0,0.0,6.056,13.2,1642198783332
0.0,0.0,6.056,13.2,1642198783402
0.0,0.0,6.056,13.2,1642198783470
0.0,0.0,6.056,13.2,1642198783540
0.0,0.0,6.056,13.2,1642198783612
0.0,0.0,6.046,13.2,1642198783680
0.0,0.0,6.046,13.2,1642198783755
35.16352462768555,139.61351013183594,6.046,13.2,1642198783755
0.0,0.0,6.025,13.2,1642198783819
0.0,0.0,6.004,13.2,1642198783888
0.0,0.0,5.984,13.2,1642198783961
0.0,0.0,5.984,13.2,1642198784029
0.0,0.0,5.984,13.2,1642198784101
0.0,0.0,5.984,13.2,1642198784168
0.0,0.0,5.984,13.2,1642198784240
0.0,0.0,5.994,13.2,1642198784311
0.0,0.0,6.015,13.2,1642198784381
0.0,0.0,6.025,13.2,1642198784449
0.0,0.0,6.046,13.2,1642198784522
0.0,0.0,6.056,13.2,1642198784589
0.0,0.0,6.088,13.2,1642198784661
0.0,0.0,6.108,13.2,1642198784732
35.16352844238281,139.61349487304688,6.108,13.2,1642198784732
0.0,0.0,6.14,13.2,1642198784799
0.0,0.0,6.16,13.2,1642198784870
0.0,0.0,6.16,13.2,1642198784939
0.0,0.0,6.181,13.2,1642198785010
0.0,0.0,6.181,13.2,1642198785079
0.0,0.0,6.181,13.2,1642198785199
0.0,0.0,6.181,13.2,1642198785216
0.0,0.0,6.171,13.2,1642198785295
0.0,0.0,6.16,13.2,1642198785362
0.0,0.0,6.15,13.2,1642198785430
0.0,0.0,6.129,13.2,1642198785500
0.0,0.0,6.108,13.2,1642198785570
0.0,0.0,6.098,13.2,1642198785658
0.0,0.0,6.077,13.2,1642198785712
35.16353225708008,139.6134796142578,6.077,13.2,1642198785712
0.0,0.0,6.077,13.2,1642198785783
0.0,0.0,6.067,13.2,1642198785848
0.0,0.0,6.088,13.2,1642198785927
0.0,0.0,6.088,13.2,1642198786016
0.0,0.0,6.098,13.2,1642198786061
0.0,0.0,6.119,13.2,1642198786129
0.0,0.0,6.129,13.2,1642198786199
0.0,0.0,6.14,13.2,1642198786287
0.0,0.0,6.16,13.2,1642198786341
0.0,0.0,6.171,13.2,1642198786410
0.0,0.0,6.171,13.2,1642198786480
0.0,0.0,6.192,13.2,1642198786550
0.0,0.0,6.202,13.2,1642198786621
0.0,0.0,6.202,13.2,1642198786690
0.0,0.0,6.192,13.2,1642198786775
35.16353225708008,139.61346435546875,6.192,13.2,1642198786775
0.0,0.0,6.171,13.2,1642198786829
0.0,0.0,6.16,13.2,1642198786899
0.0,0.0,6.15,13.2,1642198787031
0.0,0.0,6.15,13.2,1642198787041
0.0,0.0,6.129,13.2,1642198787107
0.0,0.0,6.129,13.2,1642198787180
0.0,0.0,6.129,13.2,1642198787249
0.0,0.0,6.129,13.2,1642198787319
0.0,0.0,6.129,13.2,1642198787389
0.0,0.0,6.14,13.2,1642198787459
0.0,0.0,6.15,13.2,1642198787529
0.0,0.0,6.171,13.2,1642198787603
0.0,0.0,6.181,13.2,1642198787670
0.0,0.0,6.192,13.2,1642198787739
35.163536071777344,139.61346435546875,6.192,13.2,1642198787739
0.0,0.0,6.192,13.2,1642198787811
0.0,0.0,6.192,13.2,1642198787878
0.0,0.0,6.202,13.2,1642198787947
0.0,0.0,6.212,13.2,1642198788021
0.0,0.0,6.202,13.2,1642198788091
0.0,0.0,6.212,13.2,1642198788163
0.0,0.0,6.223,13.2,1642198788230
0.0,0.0,6.223,13.2,1642198788302
0.0,0.0,6.212,13.2,1642198788370
0.0,0.0,6.202,13.2,1642198788440
0.0,0.0,6.202,13.2,1642198788513
0.0,0.0,6.192,13.2,1642198788582
0.0,0.0,6.192,13.2,1642198788650
0.0,0.0,6.192,13.2,1642198788722
35.16353988647461,139.6134490966797,6.192,13.2,1642198788722
0.0,0.0,6.192,13.2,1642198788790
0.0,0.0,6.181,13.2,1642198788861
0.0,0.0,6.181,13.2,1642198788928
0.0,0.0,6.181,13.2,1642198788998
0.0,0.0,6.181,13.2,1642198789068
0.0,0.0,6.181,13.2,1642198789139
0.0,0.0,6.192,13.2,1642198789210
0.0,0.0,6.202,13.2,1642198789282
0.0,0.0,6.202,13.2,1642198789349
0.0,0.0,6.223,13.2,1642198789421
0.0,0.0,6.233,13.2,1642198789497
0.0,0.0,6.223,13.2,1642198789559
0.0,0.0,6.223,13.2,1642198789631
0.0,0.0,6.212,13.2,1642198789700
0.0,0.0,6.202,13.2,1642198789786
35.163543701171875,139.61343383789062,6.202,13.2,1642198789786
0.0,0.0,6.192,13.2,1642198789864
0.0,0.0,6.181,13.2,1642198789907
0.0,0.0,6.16,13.2,1642198789977
0.0,0.0,6.14,13.2,1642198790049
0.0,0.0,6.129,13.2,1642198790139
0.0,0.0,6.108,13.2,1642198790189
0.0,0.0,6.098,13.2,1642198790262
0.0,0.0,6.088,13.2,1642198790332
0.0,0.0,6.088,13.2,1642198790407
0.0,0.0,6.088,13.2,1642198790497
0.0,0.0,6.108,13.2,1642198790540
0.0,0.0,6.119,13.4,1642198790611
0.0,0.0,6.14,13.4,1642198790680
0.0,0.0,6.15,13.4,1642198790770
35.163543701171875,139.61341857910156,6.15,13.4,1642198790770
0.0,0.0,6.171,13.4,1642198790821
0.0,0.0,6.181,13.4,1642198790888
0.0,0.0,6.202,13.4,1642198790957
0.0,0.0,6.212,13.4,1642198791028
0.0,0.0,6.212,13.4,1642198791144
0.0,0.0,6.223,13.4,1642198791167
0.0,0.0,6.223,13.4,1642198791238
0.0,0.0,6.212,13.4,1642198791307
0.0,0.0,6.202,13.4,1642198791380
0.0,0.0,6.181,13.4,1642198791449
0.0,0.0,6.181,13.4,1642198791520
0.0,0.0,6.171,13.4,1642198791591
0.0,0.0,6.15,13.4,1642198791659
0.0,0.0,6.14,13.4,1642198791730
35.16354751586914,139.6134033203125,6.14,13.4,1642198791730
0.0,0.0,6.129,13.4,1642198791798
0.0,0.0,6.129,13.4,1642198791868
0.0,0.0,6.119,13.4,1642198791939
0.0,0.0,6.108,13.4,1642198792010
0.0,0.0,6.119,13.4,1642198792078
0.0,0.0,6.119,13.4,1642198792149
0.0,0.0,6.129,13.4,1642198792221
0.0,0.0,6.129,13.4,1642198792289
0.0,0.0,6.119,13.4,1642198792360
0.0,0.0,6.119,13.4,1642198792431
0.0,0.0,6.108,13.4,1642198792500
0.0,0.0,6.108,13.4,1642198792574
0.0,0.0,6.108,13.4,1642198792640
0.0,0.0,6.108,13.4,1642198792712
35.163551330566406,139.61338806152344,6.108,13.4,1642198792712
0.0,0.0,6.108,13.4,1642198792780
0.0,0.0,6.098,13.4,1642198792850
0.0,0.0,6.088,13.4,1642198792919
0.0,0.0,6.067,13.4,1642198792990
0.0,0.0,6.056,13.4,1642198793059
0.0,0.0,6.056,13.4,1642198793126
0.0,0.0,6.056,13.4,1642198793201
0.0,0.0,6.046,13.4,1642198793270
0.0,0.0,6.046,13.4,1642198793344
0.0,0.0,6.036,13.4,1642198793410
0.0,0.0,6.004,13.4,1642198793480
0.0,0.0,5.994,13.4,1642198793550
0.0,0.0,5.973,13.4,1642198793621
0.0,0.0,5.952,13.4,1642198793689
0.0,0.0,5.942,13.4,1642198793758
35.16355895996094,139.61337280273438,5.942,13.4,1642198793758
0.0,0.0,5.942,13.4,1642198793829
0.0,0.0,5.963,13.4,1642198793905
0.0,0.0,5.963,13.4,1642198793995
0.0,0.0,5.942,13.4,1642198794075
0.0,0.0,5.952,13.4,1642198794105
0.0,0.0,5.952,13.4,1642198794178
0.0,0.0,5.952,13.4,1642198794265
0.0,0.0,5.973,13.4,1642198794318
0.0,0.0,5.973,13.4,1642198794388
0.0,0.0,5.973,13.4,1642198794458
0.0,0.0,6.004,13.4,1642198794539
0.0,0.0,6.004,13.4,1642198794627
0.0,0.0,5.973,13.4,1642198794665
0.0,0.0,5.963,13.4,1642198794742
35.1635627746582,139.61337280273438,5.963,13.4,1642198794742
0.0,0.0,5.942,13.4,1642198794808
0.0,0.0,5.931,13.4,1642198794876
0.0,0.0,5.921,13.4,1642198794947
0.0,0.0,5.9,13.4,1642198795030
0.0,0.0,5.89,13.4,1642198795085
0.0,0.0,5.879,13.4,1642198795157
0.0,0.0,5.869,13.4,1642198795228
0.0,0.0,5.848,13.4,1642198795299
0.0,0.0,5.817,13.4,1642198795368
0.0,0.0,5.807,13.4,1642198795438
0.0,0.0,5.807,13.4,1642198795508
0.0,0.0,5.807,13.4,1642198795584
0.0,0.0,5.796,13.4,1642198795647
0.0,0.0,5.796,13.4,1642198795718
35.163570404052734,139.6133575439453,5.796,13.4,1642198795718
0.0,0.0,5.807,13.4,1642198795788
0.0,0.0,5.817,13.4,1642198795856
0.0,0.0,5.827,13.4,1642198795926
0.0,0.0,5.817,13.4,1642198795996
0.0,0.0,5.817,13.4,1642198796066
0.0,0.0,5.807,13.4,1642198796138
0.0,0.0,5.827,13.4,1642198796232
0.0,0.0,5.827,13.4,1642198796276
0.0,0.0,5.817,13.4,1642198796347
0.0,0.0,5.827,13.4,1642198796437
0.0,0.0,5.807,13.4,1642198796541
0.0,0.0,5.807,13.4,1642198796558
0.0,0.0,5.796,13.2,1642198796658
0.0,0.0,5.796,13.2,1642198796698
35.163578033447266,139.61334228515625,5.796,13.2,1642198796698
0.0,0.0,5.786,13.2,1642198796782
0.0,0.0,5.786,13.2,1642198796878
0.0,0.0,5.775,13.2,1642198796907
0.0,0.0,5.775,13.2,1642198796983
0.0,0.0,5.775,13.2,1642198797045
0.0,0.0,5.775,13.2,1642198797167
0.0,0.0,5.775,13.2,1642198797185
0.0,0.0,5.765,13.2,1642198797268
0.0,0.0,5.765,13.2,1642198797366
0.0,0.0,5.765,13.2,1642198797398
0.0,0.0,5.775,13.2,1642198797488
0.0,0.0,5.775,13.2,1642198797588
0.0,0.0,5.796,13.2,1642198797607
0.0,0.0,5.807,13.2,1642198797695
0.0,0.0,5.827,13.2,1642198797781
35.16358184814453,139.6133270263672,5.827,13.2,1642198797781
0.0,0.0,5.838,13.2,1642198797821
0.0,0.0,5.848,13.2,1642198797886
0.0,0.0,5.869,13.2,1642198797955
0.0,0.0,5.89,13.2,1642198798048
0.0,0.0,5.911,13.2,1642198798097
0.0,0.0,5.921,13.2,1642198798170
0.0,0.0,5.931,13.2,1642198798238
0.0,0.0,5.952,13.2,1642198798319
0.0,0.0,5.973,13.2,1642198798411
0.0,0.0,5.973,13.2,1642198798451
0.0,0.0,5.984,13.2,1642198798519
0.0,0.0,5.994,13.2,1642198798588
0.0,0.0,5.994,13.2,1642198798674
0.0,0.0,5.994,13.2,1642198798730
35.1635856628418,139.61331176757812,5.994,13.2,1642198798730
0.0,0.0,5.994,13.2,1642198798799
0.0,0.0,5.984,13.2,1642198798864
0.0,0.0,5.973,13.2,1642198798937
0.0,0.0,5.952,13.2,1642198799005
0.0,0.0,5.952,13.2,1642198799075
0.0,0.0,5.942,13.2,1642198799147
0.0,0.0,5.921,13.2,1642198799217
0.0,0.0,5.911,13.2,1642198799288
0.0,0.0,5.89,13.2,1642198799358
0.0,0.0,5.879,13.2,1642198799428
0.0,0.0,5.859,13.2,1642198799502
0.0,0.0,5.848,13.2,1642198799568
0.0,0.0,5.848,13.2,1642198799638
0.0,0.0,5.848,13.2,1642198799706
0.0,0.0,5.848,13.2,1642198799779
35.16358947753906,139.61329650878906,5.848,13.2,1642198799779
0.0,0.0,5.859,13.2,1642198799848
0.0,0.0,5.838,13.2,1642198799920
0.0,0.0,5.827,13.2,1642198799986
0.0,0.0,5.827,13.2,1642198800059
0.0,0.0,5.807,13.2,1642198800126
0.0,0.0,5.796,13.2,1642198800197
0.0,0.0,5.786,13.2,1642198800268
0.0,0.0,5.765,13.2,1642198800338
0.0,0.0,5.755,13.2,1642198800408
0.0,0.0,5.723,13.2,1642198800478
0.0,0.0,5.682,13.2,1642198800547
0.0,0.0,5.661,13.2,1642198800622
0.0,0.0,5.619,13.2,1642198800691
0.0,0.0,5.578,13.2,1642198800769
35.16359329223633,139.61329650878906,5.578,13.2,1642198800769
0.0,0.0,5.546,13.2,1642198800828
0.0,0.0,5.484,13.2,1642198800900
0.0,0.0,5.453,13.2,1642198800970
0.0,0.0,5.411,13.2,1642198801039
0.0,0.0,5.38,13.2,1642198801109
0.0,0.0,5.349,13.2,1642198801180
0.0,0.0,5.307,13.2,1642198801250
0.0,0.0,5.286,13.2,1642198801321
0.0,0.0,5.265,13.2,1642198801391
0.0,0.0,5.245,13.2,1642198801459
0.0,0.0,5.213,13.2,1642198801529
0.0,0.0,5.182,13.2,1642198801599
0.0,0.0,5.172,13.2,1642198801672
0.0,0.0,5.182,13.2,1642198801738
35.16359329223633,139.61328125,5.182,13.2,1642198801738
0.0,0.0,5.182,13.2,1642198801806
0.0,0.0,5.161,13.2,1642198801876
0.0,0.0,5.151,13.2,1642198801945
0.0,0.0,5.141,13.2,1642198802016
0.0,0.0,5.12,13.2,1642198802088
0.0,0.0,5.109,13.2,1642198802166
0.0,0.0,5.109,13.2,1642198802255
0.0,0.0,5.089,13.2,1642198802299
0.0,0.0,5.078,13.2,1642198802368
0.0,0.0,5.057,13.2,1642198802439
0.0,0.0,5.016,13.2,1642198802527
0.0,0.0,4.995,13.2,1642198802578
0.0,0.0,4.943,13.4,1642198802648
0.0,0.0,4.912,13.4,1642198802722
35.163597106933594,139.61326599121094,4.912,13.4,1642198802722
0.0,0.0,4.901,13.4,1642198802794
0.0,0.0,4.922,13.4,1642198802885
0.0,0.0,4.932,13.4,1642198802927
0.0,0.0,4.922,13.4,1642198802997
0.0,0.0,4.912,13.4,1642198803090
0.0,0.0,4.953,13.4,1642198803137
0.0,0.0,4.995,13.4,1642198803206
0.0,0.0,5.026,13.4,1642198803278
0.0,0.0,5.078,13.4,1642198803348
0.0,0.0,5.078,13.4,1642198803419
0.0,0.0,5.109,13.4,1642198803488
0.0,0.0,5.151,13.4,1642198803558
0.0,0.0,5.151,13.4,1642198803628
0.0,0.0,5.109,13.4,1642198803699
0.0,0.0,5.068,13.4,1642198803768
35.16360092163086,139.61325073242188,5.068,13.4,1642198803768
0.0,0.0,5.089,13.4,1642198803837
0.0,0.0,5.109,13.4,1642198803906
0.0,0.0,5.068,13.4,1642198803977
0.0,0.0,5.016,13.4,1642198804046
0.0,0.0,4.984,13.4,1642198804117
0.0,0.0,4.964,13.4,1642198804187
0.0,0.0,4.943,13.4,1642198804258
0.0,0.0,4.943,13.4,1642198804331
0.0,0.0,4.922,13.4,1642198804399
0.0,0.0,4.932,13.4,1642198804469
0.0,0.0,4.953,13.4,1642198804540
0.0,0.0,4.964,13.4,1642198804615
0.0,0.0,4.922,13.4,1642198804677
0.0,0.0,4.901,13.4,1642198804759
35.16360092163086,139.6132354736328,4.901,13.4,1642198804759
0.0,0.0,4.932,13.4,1642198804815
0.0,0.0,4.932,13.4,1642198804887
0.0,0.0,4.922,13.4,1642198804957
0.0,0.0,4.912,13.4,1642198805027
0.0,0.0,4.901,13.4,1642198805095
0.0,0.0,4.891,13.4,1642198805170
0.0,0.0,4.88,13.4,1642198805239
0.0,0.0,4.86,13.4,1642198805310
0.0,0.0,4.849,13.4,1642198805382
0.0,0.0,4.839,13.4,1642198805449
0.0,0.0,4.86,13.4,1642198805522
0.0,0.0,4.86,13.4,1642198805610
0.0,0.0,4.828,13.4,1642198805690
0.0,0.0,4.839,13.4,1642198805738
35.16360092163086,139.61322021484375,4.839,13.4,1642198805738
0.0,0.0,4.818,13.4,1642198805799
0.0,0.0,4.808,13.4,1642198805870
0.0,0.0,4.808,13.4,1642198805957
0.0,0.0,4.818,13.4,1642198806009
0.0,0.0,4.797,13.4,1642198806079
0.0,0.0,4.818,13.4,1642198806147
0.0,0.0,4.818,13.4,1642198806231
0.0,0.0,4.839,13.4,1642198806321
0.0,0.0,4.88,13.4,1642198806360
0.0,0.0,4.912,13.4,1642198806430
0.0,0.0,4.964,13.4,1642198806501
0.0,0.0,4.984,13.4,1642198806590
0.0,0.0,5.026,13.4,1642198806638
0.0,0.0,5.057,13.4,1642198806711
0.0,0.0,5.089,13.4,1642198806778
35.163604736328125,139.6132049560547,5.089,13.4,1642198806778
0.0,0.0,5.109,13.4,1642198806848
0.0,0.0,5.172,13.4,1642198806918
0.0,0.0,5.161,13.4,1642198806991
0.0,0.0,5.151,13.4,1642198807058
0.0,0.0,5.141,13.4,1642198807127
0.0,0.0,5.12,13.4,1642198807198
0.0,0.0,5.099,13.4,1642198807269
0.0,0.0,5.078,13.4,1642198807339
0.0,0.0,5.089,13.4,1642198807409
0.0,0.0,5.12,13.4,1642198807479
0.0,0.0,5.089,13.4,1642198807552
0.0,0.0,5.089,13.4,1642198807620
0.0,0.0,5.068,13.4,1642198807690
0.0,0.0,4.984,13.4,1642198807774
35.16360855102539,139.61318969726562,4.984,13.4,1642198807774
0.0,0.0,5.026,13.4,1642198807830
0.0,0.0,5.036,13.4,1642198807898
0.0,0.0,5.057,13.4,1642198807967
0.0,0.0,5.099,13.4,1642198808046
0.0,0.0,5.141,13.4,1642198808109
0.0,0.0,5.172,13.4,1642198808178
0.0,0.0,5.172,13.4,1642198808249
0.0,0.0,5.182,13.4,1642198808319
0.0,0.0,5.213,13.4,1642198808392
0.0,0.0,5.265,13.4,1642198808460
0.0,0.0,5.286,13.4,1642198808527
0.0,0.0,5.359,13.4,1642198808598
0.0,0.0,5.37,13.4,1642198808679
0.0,0.0,5.432,13.4,1642198808742
35.163612365722656,139.61317443847656,5.432,13.4,1642198808742
0.0,0.0,5.474,13.4,1642198808809
0.0,0.0,5.494,13.4,1642198808879
0.0,0.0,5.494,13.4,1642198808950
0.0,0.0,5.515,13.4,1642198809019
0.0,0.0,5.515,13.4,1642198809138
0.0,0.0,5.515,13.4,1642198809160
0.0,0.0,5.505,13.4,1642198809229
0.0,0.0,5.494,13.4,1642198809299
0.0,0.0,5.484,13.4,1642198809372
0.0,0.0,5.453,13.4,1642198809442
0.0,0.0,5.422,13.4,1642198809511
0.0,0.0,5.39,13.4,1642198809583
0.0,0.0,5.349,13.4,1642198809652
0.0,0.0,5.338,13.4,1642198809723
35.16361618041992,139.6131591796875,5.338,13.4,1642198809723
0.0,0.0,5.328,13.4,1642198809792
0.0,0.0,5.307,13.4,1642198809883
0.0,0.0,5.297,13.4,1642198809930
0.0,0.0,5.286,13.4,1642198810002
0.0,0.0,5.276,13.4,1642198810070
0.0,0.0,5.245,13.4,1642198810151
0.0,0.0,5.234,13.4,1642198810244
0.0,0.0,5.193,13.4,1642198810292
0.0,0.0,5.161,13.4,1642198810350
0.0,0.0,5.12,13.4,1642198810425
0.0,0.0,5.057,13.4,1642198810515
0.0,0.0,4.995,13.4,1642198810560
0.0,0.0,4.912,13.4,1642198810631
0.0,0.0,4.839,13.4,1642198810703
0.0,0.0,4.756,13.4,1642198810768
35.16361999511719,139.61314392089844,4.756,13.4,1642198810768
0.0,0.0,4.693,13.4,1642198810838
0.0,0.0,4.61,13.4,1642198810910
0.0,0.0,4.527,13.4,1642198810978
0.0,0.0,4.443,13.4,1642198811048
0.0,0.0,4.412,13.4,1642198811119
0.0,0.0,4.412,13.4,1642198811188
0.0,0.0,4.391,13.4,1642198811258
0.0,0.0,4.391,13.4,1642198811328
0.0,0.0,4.443,13.4,1642198811399
0.0,0.0,4.485,13.4,1642198811468
0.0,0.0,4.516,13.4,1642198811538
0.0,0.0,4.537,13.4,1642198811606
0.0,0.0,4.547,13.4,1642198811685
0.0,0.0,4.579,13.4,1642198811752
35.16362380981445,139.61312866210938,4.579,13.4,1642198811752
0.0,0.0,4.62,13.4,1642198811819
0.0,0.0,4.631,13.4,1642198811885
0.0,0.0,4.631,13.4,1642198811958
0.0,0.0,4.589,13.4,1642198812025
0.0,0.0,4.589,13.4,1642198812097
0.0,0.0,4.547,13.4,1642198812169
0.0,0.0,4.485,13.4,1642198812237
0.0,0.0,4.433,13.4,1642198812308
0.0,0.0,4.381,13.4,1642198812377
0.0,0.0,4.339,13.4,1642198812448
0.0,0.0,4.318,13.4,1642198812518
0.0,0.0,4.266,13.4,1642198812588
0.0,0.0,4.246,13.4,1642198812658
0.0,0.0,4.225,13.4,1642198812728
35.16362762451172,139.6131134033203,4.225,13.4,1642198812728
0.0,0.0,4.214,13.4,1642198812797
0.0,0.0,4.204,13.4,1642198812867
0.0,0.0,4.194,13.4,1642198812936
0.0,0.0,4.204,13.4,1642198813083
0.0,0.0,4.214,13.4,1642198813088
0.0,0.0,4.246,13.4,1642198813147
0.0,0.0,4.246,13.4,1642198813216
0.0,0.0,4.246,13.4,1642198813292
0.0,0.0,4.214,13.4,1642198813356
0.0,0.0,4.214,13.4,1642198813428
0.0,0.0,4.194,13.4,1642198813498
0.0,0.0,4.162,13.4,1642198813568
0.0,0.0,4.121,13.4,1642198813639
0.0,0.0,4.089,13.4,1642198813709
0.0,0.0,4.058,13.4,1642198813783
35.163631439208984,139.61309814453125,4.058,13.4,1642198813783
0.0,0.0,4.027,13.4,1642198813846
0.0,0.0,3.985,13.4,1642198813916
0.0,0.0,3.965,13.4,1642198813986
0.0,0.0,3.944,13.4,1642198814056
0.0,0.0,3.944,13.4,1642198814127
0.0,0.0,3.944,13.4,1642198814196
0.0,0.0,3.965,13.4,1642198814267
0.0,0.0,3.975,13.4,1642198814336
0.0,0.0,3.996,13.4,1642198814408
0.0,0.0,4.027,13.4,1642198814475
0.0,0.0,4.058,13.4,1642198814556
0.0,0.0,4.079,13.4,1642198814646
0.0,0.0,4.1,13.4,1642198814700
0.0,0.0,4.121,13.4,1642198814771
35.16363525390625,139.6130828857422,4.121,13.4,1642198814771
0.0,0.0,4.141,13.4,1642198814824
0.0,0.0,4.152,13.4,1642198814913
0.0,0.0,4.162,13.4,1642198814965
0.0,0.0,4.141,13.4,1642198815035
0.0,0.0,4.121,13.4,1642198815118
0.0,0.0,4.11,13.4,1642198815183
0.0,0.0,4.079,13.4,1642198815273
0.0,0.0,4.069,13.4,1642198815318
0.0,0.0,4.048,13.4,1642198815388
0.0,0.0,4.027,13.4,1642198815459
0.0,0.0,4.017,13.4,1642198815529
0.0,0.0,3.996,13.4,1642198815597
0.0,0.0,4.017,13.4,1642198815668
0.0,0.0,4.017,13.4,1642198815738
35.16364288330078,139.61306762695312,4.017,13.4,1642198815738
0.0,0.0,4.027,13.4,1642198815807
0.0,0.0,4.069,13.4,1642198815877
0.0,0.0,4.1,13.4,1642198815947
0.0,0.0,4.152,13.4,1642198816015
0.0,0.0,4.194,13.4,1642198816085
0.0,0.0,4.235,13.4,1642198816205
0.0,0.0,4.266,13.4,1642198816230
0.0,0.0,4.308,13.4,1642198816330
0.0,0.0,4.318,13.4,1642198816365
0.0,0.0,4.339,13.4,1642198816445
0.0,0.0,4.308,13.4,1642198816507
0.0,0.0,4.339,13.4,1642198816609
0.0,0.0,4.339,13.4,1642198816648
0.0,0.0,4.329,13.4,1642198816729
35.16364669799805,139.61305236816406,4.329,13.4,1642198816729
0.0,0.0,4.329,13.4,1642198816824
0.0,0.0,4.298,13.4,1642198816859
0.0,0.0,4.277,13.4,1642198816944
0.0,0.0,4.277,13.4,1642198817042
0.0,0.0,4.256,13.4,1642198817065
0.0,0.0,4.235,13.4,1642198817157
0.0,0.0,4.246,13.4,1642198817204
0.0,0.0,4.266,13.4,1642198817322
0.0,0.0,4.277,13.4,1642198817348
0.0,0.0,4.266,13.4,1642198817444
0.0,0.0,4.277,13.4,1642198817487
0.0,0.0,4.266,13.4,1642198817567
0.0,0.0,4.256,13.4,1642198817628
0.0,0.0,4.256,13.4,1642198817733
35.16365051269531,139.613037109375,4.256,13.4,1642198817733
0.0,0.0,4.256,13.4,1642198817776
0.0,0.0,4.235,13.4,1642198817837
0.0,0.0,4.214,13.4,1642198817905
0.0,0.0,4.225,13.4,1642198817975
0.0,0.0,4.194,13.4,1642198818045
0.0,0.0,4.173,13.4,1642198818123
0.0,0.0,4.152,13.4,1642198818187
0.0,0.0,4.121,13.4,1642198818256
0.0,0.0,4.131,13.4,1642198818328
0.0,0.0,4.141,13.4,1642198818400
0.0,0.0,4.141,13.4,1642198818614
0.0,0.0,4.162,13.4,1642198818700
0.0,0.0,4.214,13.4,1642198818751
0.0,0.0,4.225,13.4,1642198818816
0.0,0.0,4.266,13.4,1642198818888
0.0,0.0,4.339,13.4,1642198818968
0.0,0.0,4.433,13.4,1642198819058
0.0,0.0,4.527,13.4,1642198819098
0.0,0.0,4.61,13.4,1642198819167
0.0,0.0,4.714,13.4,1642198819241
0.0,0.0,4.776,13.4,1642198819331
0.0,0.0,4.839,13.4,1642198819378
0.0,0.0,4.912,13.4,1642198819448
0.0,0.0,4.974,13.4,1642198819521
0.0,0.0,5.026,13.4,1642198819590
0.0,0.0,5.099,13.4,1642198819662
0.0,0.0,5.13,13.4,1642198819730
35.16366195678711,139.61302185058594,5.13,13.4,1642198819730
0.0,0.0,5.099,13.4,1642198819799
0.0,0.0,5.036,13.4,1642198819869
0.0,0.0,4.984,13.4,1642198819939
0.0,0.0,4.974,13.4,1642198820013
0.0,0.0,4.964,13.4,1642198820080
0.0,0.0,4.974,13.4,1642198820150
0.0,0.0,4.974,13.4,1642198820220
0.0,0.0,4.974,13.4,1642198820290
0.0,0.0,4.943,13.4,1642198820361
0.0,0.0,4.922,13.4,1642198820430
0.0,0.0,4.912,13.4,1642198820499
0.0,0.0,4.922,13.4,1642198820570
0.0,0.0,4.932,13.4,1642198820641
0.0,0.0,4.974,13.4,1642198820712
35.163665771484375,139.61300659179688,4.974,13.4,1642198820712
0.0,0.0,5.047,13.4,1642198820778
0.0,0.0,5.047,13.4,1642198820849
0.0,0.0,5.057,13.4,1642198820918
0.0,0.0,5.047,13.4,1642198820987
0.0,0.0,5.068,13.4,1642198821058
0.0,0.0,5.057,13.4,1642198821128
0.0,0.0,5.057,13.4,1642198821200
0.0,0.0,5.068,13.4,1642198821270
0.0,0.0,5.026,13.4,1642198821340
0.0,0.0,5.016,13.4,1642198821410
0.0,0.0,4.984,13.4,1642198821480
0.0,0.0,4.964,13.4,1642198821549
0.0,0.0,4.901,13.4,1642198821621
0.0,0.0,4.901,13.4,1642198821720
0.0,0.0,4.912,13.4,1642198821765
35.163673400878906,139.6129913330078,4.912,13.4,1642198821765
0.0,0.0,4.88,13.4,1642198821828
0.0,0.0,4.87,13.4,1642198821898
0.0,0.0,4.922,13.4,1642198821967
0.0,0.0,4.943,13.4,1642198822041
0.0,0.0,4.943,13.4,1642198822109
0.0,0.0,4.953,13.4,1642198822180
0.0,0.0,4.974,13.4,1642198822249
0.0,0.0,4.995,13.4,1642198822320
0.0,0.0,5.016,13.4,1642198822410
0.0,0.0,5.057,13.4,1642198822462
0.0,0.0,5.078,13.4,1642198822535
0.0,0.0,5.026,13.4,1642198822601
0.0,0.0,5.068,13.4,1642198822682
0.0,0.0,5.068,13.4,1642198822774
35.16367721557617,139.61297607421875,5.068,13.4,1642198822774
0.0,0.0,5.016,13.4,1642198822807
0.0,0.0,4.974,13.4,1642198822880
0.0,0.0,5.016,13.4,1642198822948
0.0,0.0,5.026,13.4,1642198823037
0.0,0.0,5.036,13.4,1642198823088
0.0,0.0,5.068,13.4,1642198823160
0.0,0.0,5.068,13.4,1642198823234
0.0,0.0,5.099,13.4,1642198823300
0.0,0.0,5.109,13.4,1642198823372
0.0,0.0,5.151,13.4,1642198823443
0.0,0.0,5.193,13.4,1642198823515
0.0,0.0,5.234,13.4,1642198823582
0.0,0.0,5.297,13.4,1642198823651
0.0,0.0,5.359,13.4,1642198823722
35.16368103027344,139.6129608154297,5.359,13.4,1642198823722
0.0,0.0,5.38,13.4,1642198823807
0.0,0.0,5.411,13.4,1642198823860
0.0,0.0,5.432,13.4,1642198823941
0.0,0.0,5.422,13.4,1642198824000
0.0,0.0,5.442,13.4,1642198824070
0.0,0.0,5.401,13.4,1642198824141
0.0,0.0,5.422,13.4,1642198824214
0.0,0.0,5.422,13.4,1642198824285
0.0,0.0,5.422,13.4,1642198824355
0.0,0.0,5.411,13.4,1642198824424
0.0,0.0,5.38,13.4,1642198824493
0.0,0.0,5.401,13.4,1642198824564
0.0,0.0,5.39,13.4,1642198824634
0.0,0.0,5.411,13.4,1642198824706
0.0,0.0,5.401,13.4,1642198824778
35.16368865966797,139.6129608154297,5.401,13.4,1642198824778
0.0,0.0,5.422,13.4,1642198824848
0.0,0.0,5.411,13.4,1642198824913
0.0,0.0,5.442,13.4,1642198824986
0.0,0.0,5.453,13.4,1642198825053
0.0,0.0,5.442,13.4,1642198825122
0.0,0.0,5.474,13.4,1642198825192
0.0,0.0,5.494,13.4,1642198825263
0.0,0.0,5.536,13.4,1642198825333
0.0,0.0,5.494,13.4,1642198825403
0.0,0.0,5.505,13.4,1642198825474
0.0,0.0,5.463,13.4,1642198825545
0.0,0.0,5.484,13.4,1642198825616
0.0,0.0,5.494,13.4,1642198825684
0.0,0.0,5.463,13.4,1642198825754
35.1636962890625,139.61294555664062,5.463,13.4,1642198825754
0.0,0.0,5.453,13.4,1642198825826
0.0,0.0,5.422,13.4,1642198825891
0.0,0.0,5.411,13.4,1642198825961
0.0,0.0,5.37,13.4,1642198826033
0.0,0.0,5.349,13.4,1642198826111
0.0,0.0,5.307,13.4,1642198826173
0.0,0.0,5.307,13.4,1642198826246
0.0,0.0,5.286,13.4,1642198826314
0.0,0.0,5.286,13.4,1642198826382
0.0,0.0,5.276,13.4,1642198826464
0.0,0.0,5.276,13.4,1642198826555
0.0,0.0,5.265,13.4,1642198826594
0.0,0.0,5.286,13.4,1642198826665
0.0,0.0,5.297,13.4,1642198826734
35.163700103759766,139.61293029785156,5.297,13.4,1642198826734
0.0,0.0,5.317,13.4,1642198826820
0.0,0.0,5.38,13.4,1642198826874
0.0,0.0,5.39,13.4,1642198826942
0.0,0.0,5.422,13.4,1642198827011
0.0,0.0,5.453,13.4,1642198827093
0.0,0.0,5.505,13.4,1642198827182
0.0,0.0,5.536,13.4,1642198827222
0.0,0.0,5.578,13.4,1642198827293
0.0,0.0,5.63,13.4,1642198827363
0.0,0.0,5.64,13.4,1642198827436
0.0,0.0,5.692,13.4,1642198827504
0.0,0.0,5.734,13.4,1642198827574
0.0,0.0,5.734,13.4,1642198827645
0.0,0.0,5.703,13.4,1642198827715
0.0,0.0,5.713,13.4,1642198827782
35.1637077331543,139.6129150390625,5.713,13.4,1642198827782
0.0,0.0,5.744,13.4,1642198827850
0.0,0.0,5.734,13.4,1642198827924
0.0,0.0,5.713,13.4,1642198827994
0.0,0.0,5.734,13.4,1642198828066
0.0,0.0,5.734,13.4,1642198828135
0.0,0.0,5.734,13.4,1642198828205
0.0,0.0,5.744,13.4,1642198828279
0.0,0.0,5.723,13.4,1642198828346
0.0,0.0,5.703,13.4,1642198828414
0.0,0.0,5.723,13.4,1642198828521
0.0,0.0,5.744,13.4,1642198828553
0.0,0.0,5.734,13.4,1642198828625
0.0,0.0,5.734,13.4,1642198828695
0.0,0.0,5.734,13.4,1642198828779
35.16371536254883,139.61289978027344,5.734,13.4,1642198828779
0.0,0.0,5.775,13.4,1642198828836
0.0,0.0,5.765,13.4,1642198828904
0.0,0.0,5.755,13.4,1642198828973
0.0,0.0,5.755,13.4,1642198829068
0.0,0.0,5.734,13.4,1642198829114
0.0,0.0,5.744,13.4,1642198829186
0.0,0.0,5.755,13.4,1642198829256
0.0,0.0,5.744,13.4,1642198829327
0.0,0.0,5.744,13.4,1642198829397
0.0,0.0,5.734,13.4,1642198829466
0.0,0.0,5.744,13.4,1642198829538
0.0,0.0,5.723,13.4,1642198829610
0.0,0.0,5.703,13.4,1642198829677
0.0,0.0,5.682,13.4,1642198829749
35.16372299194336,139.61289978027344,5.682,13.4,1642198829749
0.0,0.0,5.671,13.4,1642198829814
0.0,0.0,5.64,13.4,1642198829884
0.0,0.0,5.63,13.4,1642198829954
0.0,0.0,5.598,13.4,1642198830024
0.0,0.0,5.588,13.4,1642198830097
0.0,0.0,5.578,13.4,1642198830165
0.0,0.0,5.578,13.4,1642198830236
0.0,0.0,5.578,13.4,1642198830308
0.0,0.0,5.546,13.4,1642198830376
0.0,0.0,5.557,13.4,1642198830445
0.0,0.0,5.536,13.4,1642198830516
0.0,0.0,5.546,13.4,1642198830584
0.0,0.0,5.546,13.4,1642198830684
0.0,0.0,5.546,13.4,1642198830795
35.16373062133789,139.61288452148438,5.546,13.4,1642198830795
0.0,0.0,5.557,13.4,1642198830864
0.0,0.0,5.567,13.4,1642198830938
0.0,0.0,5.567,13.4,1642198831030
0.0,0.0,5.578,13.4,1642198831074
0.0,0.0,5.557,13.4,1642198831145
0.0,0.0,5.578,13.4,1642198831217
0.0,0.0,5.598,13.4,1642198831303
0.0,0.0,5.609,13.4,1642198831429
0.0,0.0,5.651,13.4,1642198831497
0.0,0.0,5.651,13.4,1642198831573
0.0,0.0,5.671,13.4,1642198831662
0.0,0.0,5.661,13.4,1642198831706
0.0,0.0,5.661,13.4,1642198831778
35.16374206542969,139.6128692626953,5.661,13.4,1642198831778
0.0,0.0,5.692,13.4,1642198831844
0.0,0.0,5.682,13.4,1642198831915
0.0,0.0,5.692,13.4,1642198831983
0.0,0.0,5.671,13.4,1642198832056
0.0,0.0,5.661,13.4,1642198832128
0.0,0.0,5.661,13.4,1642198832196
0.0,0.0,5.703,13.4,1642198832267
0.0,0.0,5.703,13.4,1642198832339
0.0,0.0,5.723,13.4,1642198832405
0.0,0.0,5.703,13.4,1642198832479
0.0,0.0,5.713,13.4,1642198832555
0.0,0.0,5.734,13.4,1642198832617
0.0,0.0,5.703,13.4,1642198832689
0.0,0.0,5.713,13.4,1642198832777
35.16374588012695,139.61285400390625,5.713,13.4,1642198832777
0.0,0.0,5.723,13.4,1642198832827
0.0,0.0,5.723,13.4,1642198832900
0.0,0.0,5.755,13.4,1642198832968
0.0,0.0,5.765,13.4,1642198833037
0.0,0.0,5.765,13.4,1642198833110
0.0,0.0,5.786,13.4,1642198833180
0.0,0.0,5.796,13.4,1642198833249
0.0,0.0,5.859,13.4,1642198833319
0.0,0.0,5.869,13.4,1642198833390
0.0,0.0,5.879,13.4,1642198833462
0.0,0.0,5.911,13.4,1642198833530
0.0,0.0,5.931,13.4,1642198833599
0.0,0.0,5.931,13.4,1642198833670
0.0,0.0,5.963,13.4,1642198833740
35.163753509521484,139.61285400390625,5.963,13.4,1642198833740
0.0,0.0,5.973,13.4,1642198833808
0.0,0.0,5.984,13.4,1642198833877
0.0,0.0,6.004,13.4,1642198833948
0.0,0.0,6.025,13.4,1642198834017
0.0,0.0,6.056,13.4,1642198834110
0.0,0.0,6.056,13.4,1642198834161
0.0,0.0,6.088,13.4,1642198834231
0.0,0.0,6.119,13.4,1642198834302
0.0,0.0,6.14,13.4,1642198834372
0.0,0.0,6.16,13.4,1642198834443
0.0,0.0,6.16,13.4,1642198834531
0.0,0.0,6.16,13.4,1642198834654
0.0,0.0,6.181,13.4,1642198834722
35.163761138916016,139.6128387451172,6.181,13.4,1642198834722
0.0,0.0,6.212,13.4,1642198834793
0.0,0.0,6.233,13.4,1642198834885
0.0,0.0,6.254,13.4,1642198834928
0.0,0.0,6.285,13.4,1642198835000
0.0,0.0,6.306,13.4,1642198835068
0.0,0.0,6.306,13.4,1642198835156
0.0,0.0,6.317,13.4,1642198835292
0.0,0.0,6.337,13.4,1642198835351
0.0,0.0,6.358,13.4,1642198835422
0.0,0.0,6.369,13.4,1642198835492
0.0,0.0,6.379,13.4,1642198835562
0.0,0.0,6.4,13.4,1642198835631
0.0,0.0,6.41,13.4,1642198835703
0.0,0.0,6.41,13.4,1642198835779
35.16376876831055,139.61282348632812,6.41,13.4,1642198835779
0.0,0.0,6.4,13.4,1642198835839
0.0,0.0,6.379,13.4,1642198835909
0.0,0.0,6.379,13.4,1642198835980
0.0,0.0,6.369,13.4,1642198836049
0.0,0.0,6.369,13.4,1642198836119
0.0,0.0,6.348,13.4,1642198836189
0.0,0.0,6.348,13.4,1642198836262
0.0,0.0,6.327,13.4,1642198836372
0.0,0.0,6.306,13.4,1642198836401
0.0,0.0,6.285,13.4,1642198836496
0.0,0.0,6.275,13.4,1642198836595
0.0,0.0,6.254,13.4,1642198836611
0.0,0.0,6.244,13.4,1642198836694
0.0,0.0,6.223,13.4,1642198836788
35.16377258300781,139.61280822753906,6.223,13.4,1642198836788
0.0,0.0,6.223,13.4,1642198836821
0.0,0.0,6.223,13.4,1642198836908
0.0,0.0,6.202,13.4,1642198837004
0.0,0.0,6.202,13.4,1642198837030
0.0,0.0,6.212,13.4,1642198837127
0.0,0.0,6.254,13.4,1642198837172
0.0,0.0,6.296,13.4,1642198837291
0.0,0.0,6.306,13.4,1642198837310
0.0,0.0,6.358,13.4,1642198837410
0.0,0.0,6.389,13.4,1642198837452
0.0,0.0,6.431,13.4,1642198837535
0.0,0.0,6.483,13.4,1642198837629
0.0,0.0,6.493,13.4,1642198837665
0.0,0.0,6.546,13.4,1642198837745
35.163780212402344,139.61279296875,6.546,13.4,1642198837745
0.0,0.0,6.577,13.4,1642198837802
0.0,0.0,6.629,13.4,1642198837870
0.0,0.0,6.618,13.4,1642198837942
0.0,0.0,6.598,13.4,1642198838012
0.0,0.0,6.577,13.4,1642198838080
0.0,0.0,6.535,13.4,1642198838152
0.0,0.0,6.473,13.4,1642198838225
0.0,0.0,6.441,13.4,1642198838290
0.0,0.0,6.41,13.4,1642198838363
0.0,0.0,6.379,13.4,1642198838432
0.0,0.0,6.379,13.4,1642198838502
0.0,0.0,6.358,13.4,1642198838572
0.0,0.0,6.327,13.4,1642198838641
0.0,0.0,6.296,13.4,1642198838714
35.163787841796875,139.61279296875,6.296,13.4,1642198838714
0.0,0.0,6.306,13.4,1642198838802
0.0,0.0,6.285,13.4,1642198838849
0.0,0.0,6.296,13.4,1642198838920
0.0,0.0,6.348,13.4,1642198838990
0.0,0.0,6.441,13.4,1642198839070
0.0,0.0,6.452,13.4,1642198839163
0.0,0.0,6.473,13.4,1642198839202
0.0,0.0,6.504,13.4,1642198839271
0.0,0.0,6.483,13.4,1642198839342
0.0,0.0,6.504,13.4,1642198839427
0.0,0.0,6.504,13.4,1642198839550
0.0,0.0,6.535,13.4,1642198839621
0.0,0.0,6.514,13.4,1642198839692
0.0,0.0,6.608,13.4,1642198839767
35.16379165649414,139.61277770996094,6.608,13.4,1642198839767
0.0,0.0,6.618,13.4,1642198839831
0.0,0.0,6.598,13.4,1642198839901
0.0,0.0,6.556,13.4,1642198839969
0.0,0.0,6.556,13.4,1642198840040
0.0,0.0,6.556,13.4,1642198840119
0.0,0.0,6.577,13.4,1642198840182
0.0,0.0,6.618,13.4,1642198840249
0.0,0.0,6.618,13.4,1642198840319
0.0,0.0,6.65,13.4,1642198840392
0.0,0.0,6.67,13.4,1642198840462
0.0,0.0,6.702,13.4,1642198840531
0.0,0.0,6.712,13.4,1642198840602
0.0,0.0,6.743,13.4,1642198840671
0.0,0.0,6.774,13.4,1642198840746
35.16379928588867,139.61276245117188,6.774,13.4,1642198840746
0.0,0.0,6.816,13.4,1642198840813
0.0,0.0,6.837,13.4,1642198840881
0.0,0.0,6.868,13.4,1642198840951
0.0,0.0,6.868,13.4,1642198841026
0.0,0.0,6.816,13.4,1642198841090
0.0,0.0,6.868,13.4,1642198841163
0.0,0.0,6.889,13.4,1642198841233
0.0,0.0,6.941,13.4,1642198841303
0.0,0.0,6.962,13.4,1642198841374
0.0,0.0,6.983,13.4,1642198841444
0.0,0.0,7.003,13.4,1642198841515
0.0,0.0,7.003,13.4,1642198841582
0.0,0.0,7.024,13.4,1642198841656
0.0,0.0,7.066,13.4,1642198841727
35.1638069152832,139.6127471923828,7.066,13.4,1642198841727
0.0,0.0,7.097,13.4,1642198841793
0.0,0.0,7.139,13.4,1642198841865
0.0,0.0,7.191,13.4,1642198841932
0.0,0.0,7.18,13.4,1642198842002
0.0,0.0,7.16,13.4,1642198842072
0.0,0.0,7.139,13.4,1642198842142
0.0,0.0,7.128,13.4,1642198842211
0.0,0.0,7.149,13.4,1642198842283
0.0,0.0,7.191,13.4,1642198842355
0.0,0.0,7.222,13.4,1642198842424
0.0,0.0,7.222,13.4,1642198842495
0.0,0.0,7.212,13.4,1642198842565
0.0,0.0,7.201,13.4,1642198842644
0.0,0.0,7.18,13.4,1642198842720
35.16381072998047,139.6127471923828,7.18,13.4,1642198842720
0.0,0.0,7.16,13.4,1642198842783
0.0,0.0,7.16,13.4,1642198842844
0.0,0.0,7.149,13.4,1642198842912
0.0,0.0,7.191,13.4,1642198842988
0.0,0.0,7.212,13.4,1642198843076
0.0,0.0,7.212,13.4,1642198843124
0.0,0.0,7.139,13.4,1642198843196
0.0,0.0,7.128,13.4,1642198843264
0.0,0.0,7.139,13.4,1642198843350
0.0,0.0,7.16,13.4,1642198843403
0.0,0.0,7.16,13.4,1642198843475
0.0,0.0,7.17,13.4,1642198843546
0.0,0.0,7.201,13.4,1642198843620
0.0,0.0,7.243,13.4,1642198843686
0.0,0.0,7.274,13.4,1642198843757
35.163814544677734,139.61273193359375,7.274,13.4,1642198843757
0.0,0.0,7.284,13.4,1642198843821
0.0,0.0,7.274,13.4,1642198843891
0.0,0.0,7.284,13.4,1642198843961
0.0,0.0,7.347,13.4,1642198844031
0.0,0.0,7.368,13.4,1642198844103
0.0,0.0,7.357,13.4,1642198844205
0.0,0.0,7.336,13.4,1642198844241
0.0,0.0,7.347,13.4,1642198844312
0.0,0.0,7.316,13.4,1642198844383
0.0,0.0,7.284,13.4,1642198844454
0.0,0.0,7.243,13.4,1642198844526
0.0,0.0,7.201,13.4,1642198844598
0.0,0.0,7.16,13.4,1642198844663
0.0,0.0,7.149,13.4,1642198844735
35.163818359375,139.6127166748047,7.149,13.4,1642198844735
0.0,0.0,7.149,13.4,1642198844802
0.0,0.0,7.139,13.4,1642198844871
0.0,0.0,7.128,13.4,1642198844941
0.0,0.0,7.128,13.4,1642198845082
0.0,0.0,7.139,13.4,1642198845086
0.0,0.0,7.128,13.4,1642198845150
0.0,0.0,7.128,13.4,1642198845224
0.0,0.0,7.128,13.4,1642198845294
0.0,0.0,7.139,13.4,1642198845364
0.0,0.0,7.149,13.4,1642198845435
0.0,0.0,7.18,13.4,1642198845504
0.0,0.0,7.16,13.4,1642198845574
0.0,0.0,7.128,13.4,1642198845644
0.0,0.0,7.097,13.4,1642198845715
35.163818359375,139.61270141601562,7.097,13.4,1642198845715
0.0,0.0,7.055,13.4,1642198845791
0.0,0.0,7.055,13.4,1642198845852
0.0,0.0,7.035,13.4,1642198845921
0.0,0.0,7.035,13.4,1642198845992
0.0,0.0,6.983,13.4,1642198846061
0.0,0.0,6.962,13.4,1642198846162
0.0,0.0,6.962,13.4,1642198846201
0.0,0.0,6.931,13.4,1642198846273
0.0,0.0,6.899,13.4,1642198846344
0.0,0.0,6.889,13.4,1642198846414
0.0,0.0,6.889,13.4,1642198846484
0.0,0.0,6.889,13.4,1642198846554
0.0,0.0,6.868,13.4,1642198846624
0.0,0.0,6.816,13.4,1642198846694
0.0,0.0,6.826,13.4,1642198846766
35.163822174072266,139.61268615722656,6.826,13.4,1642198846766
0.0,0.0,6.826,13.4,1642198846830
0.0,0.0,6.826,13.4,1642198846902
0.0,0.0,6.826,13.4,1642198846975
0.0,0.0,6.816,13.4,1642198847042
0.0,0.0,6.816,13.4,1642198847131
0.0,0.0,6.858,13.4,1642198847184
0.0,0.0,6.879,13.4,1642198847254
0.0,0.0,6.879,13.4,1642198847327
0.0,0.0,6.91,13.4,1642198847401
0.0,0.0,6.931,13.4,1642198847490
0.0,0.0,6.983,13.4,1642198847539
0.0,0.0,6.951,13.4,1642198847605
0.0,0.0,6.951,13.4,1642198847673
0.0,0.0,6.962,13.4,1642198847767
35.163822174072266,139.6126708984375,6.962,13.4,1642198847767
0.0,0.0,6.972,13.4,1642198847886
0.0,0.0,6.983,13.4,1642198847951
0.0,0.0,7.003,13.4,1642198848022
0.0,0.0,6.941,13.4,1642198848093
0.0,0.0,6.92,13.4,1642198848162
0.0,0.0,6.931,13.4,1642198848233
0.0,0.0,6.889,13.4,1642198848305
0.0,0.0,6.889,13.4,1642198848377
0.0,0.0,6.868,13.4,1642198848444
0.0,0.0,6.858,13.4,1642198848514
0.0,0.0,6.858,13.4,1642198848585
0.0,0.0,6.826,13.4,1642198848653
0.0,0.0,6.826,13.4,1642198848725
35.16382598876953,139.61265563964844,6.826,13.4,1642198848725
0.0,0.0,6.806,13.4,1642198848793
0.0,0.0,6.826,13.4,1642198848862
0.0,0.0,6.879,13.4,1642198848932
0.0,0.0,6.92,13.4,1642198849016
0.0,0.0,6.92,13.4,1642198849075
0.0,0.0,6.962,13.4,1642198849145
0.0,0.0,7.003,13.4,1642198849214
0.0,0.0,7.035,13.4,1642198849284
0.0,0.0,7.097,13.4,1642198849354
0.0,0.0,7.128,13.4,1642198849424
0.0,0.0,7.18,13.4,1642198849494
0.0,0.0,7.201,13.4,1642198849565
0.0,0.0,7.232,13.4,1642198849635
0.0,0.0,7.201,13.4,1642198849704
0.0,0.0,7.201,13.4,1642198849784
35.1638298034668,139.61264038085938,7.201,13.4,1642198849784
0.0,0.0,7.18,13.4,1642198849842
0.0,0.0,7.201,13.4,1642198849912
0.0,0.0,7.17,13.4,1642198849982
0.0,0.0,7.139,13.4,1642198850051
0.0,0.0,7.128,13.4,1642198850144
0.0,0.0,7.097,13.4,1642198850192
0.0,0.0,7.087,13.4,1642198850261
0.0,0.0,7.066,13.4,1642198850334
0.0,0.0,7.045,13.4,1642198850404
0.0,0.0,7.045,13.4,1642198850474
0.0,0.0,7.066,13.4,1642198850546
0.0,0.0,7.066,13.4,1642198850615
0.0,0.0,7.066,13.4,1642198850684
0.0,0.0,7.066,13.4,1642198850754
35.16383361816406,139.6126251220703,7.066,13.4,1642198850754
0.0,0.0,7.087,13.4,1642198850829
0.0,0.0,7.107,13.4,1642198850922
0.0,0.0,7.097,13.4,1642198850964
0.0,0.0,7.118,13.4,1642198851032
0.0,0.0,7.118,13.4,1642198851103
0.0,0.0,7.118,13.4,1642198851191
0.0,0.0,7.107,13.4,1642198851245
0.0,0.0,7.097,13.4,1642198851314
0.0,0.0,7.076,13.4,1642198851384
0.0,0.0,7.066,13.4,1642198851461
0.0,0.0,7.035,13.4,1642198851552
0.0,0.0,7.003,13.4,1642198851595
0.0,0.0,6.962,13.4,1642198851664
0.0,0.0,6.941,13.4,1642198851734
35.16383361816406,139.61260986328125,6.941,13.4,1642198851734
0.0,0.0,6.931,13.4,1642198851805
0.0,0.0,6.899,13.4,1642198851877
0.0,0.0,6.879,13.4,1642198851941
0.0,0.0,6.858,13.4,1642198852012
0.0,0.0,6.826,13.4,1642198852082
0.0,0.0,6.795,13.4,1642198852154
0.0,0.0,6.785,13.4,1642198852220
0.0,0.0,6.795,13.4,1642198852295
0.0,0.0,6.795,13.4,1642198852364
0.0,0.0,6.826,13.4,1642198852436
0.0,0.0,6.868,13.4,1642198852504
0.0,0.0,6.899,13.4,1642198852574
0.0,0.0,6.931,13.4,1642198852644
0.0,0.0,6.983,13.4,1642198852715
35.16383743286133,139.61260986328125,6.983,13.4,1642198852715
0.0,0.0,7.003,13.4,1642198852784
0.0,0.0,7.024,13.4,1642198852851
0.0,0.0,7.066,13.4,1642198852921
0.0,0.0,7.107,13.4,1642198852991
0.0,0.0,7.128,13.4,1642198853060
0.0,0.0,7.107,13.4,1642198853135
0.0,0.0,7.107,13.4,1642198853205
0.0,0.0,7.076,13.4,1642198853274
0.0,0.0,7.035,13.4,1642198853343
0.0,0.0,7.003,13.4,1642198853415
0.0,0.0,6.941,13.4,1642198853484
0.0,0.0,6.889,13.4,1642198853553
0.0,0.0,6.847,13.4,1642198853622
0.0,0.0,6.806,13.4,1642198853693
