0.0,0.0,10.24,23.6,1592702826156
0.0,0.0,10.24,23.6,1592702826227
0.0,0.0,10.23,23.6,1592702826301
0.0,0.0,10.23,23.6,1592702826355
0.0,0.0,10.23,23.6,1592702826456
0.0,0.0,10.23,23.6,1592702826489
0.0,0.0,10.23,23.6,1592702826561
0.0,0.0,10.23,23.6,1592702826629
0.0,0.0,10.23,23.6,1592702826700
0.0,0.0,10.23,23.6,1592702826770
0.0,0.0,10.23,23.6,1592702826839
0.0,0.0,10.23,23.6,1592702826984
0.0,0.0,10.23,23.6,1592702827196
35.16462326049805,139.617431640625,10.23,23.6,1592702827218
0.0,0.0,10.23,23.6,1592702827263
0.0,0.0,10.23,23.6,1592702827336
0.0,0.0,10.23,23.6,1592702827952
0.0,0.0,10.23,23.6,1592702827991
0.0,0.0,10.23,23.6,1592702828048
0.0,0.0,10.23,23.6,1592702828060
0.0,0.0,10.23,23.6,1592702828072
0.0,0.0,10.23,23.6,1592702828090
0.0,0.0,10.23,23.6,1592702828123
0.0,0.0,10.23,23.6,1592702828144
0.0,0.0,10.23,23.6,1592702828153
0.0,0.0,10.23,23.6,1592702828177
0.0,0.0,10.23,23.6,1592702828239
0.0,0.0,10.23,23.6,1592702828484
0.0,0.0,10.23,23.6,1592702828555
0.0,0.0,10.23,23.6,1592702828570
0.0,0.0,10.23,23.6,1592702828612
0.0,0.0,10.219,23.6,1592702828658
0.0,0.0,10.219,23.6,1592702828728
0.0,0.0,10.219,23.6,1592702828798
0.0,0.0,10.219,23.6,1592702828869
0.0,0.0,10.219,23.6,1592702828938
0.0,0.0,10.219,23.6,1592702829010
0.0,0.0,10.219,23.6,1592702829152
0.0,0.0,10.219,23.6,1592702829228
0.0,0.0,10.219,23.6,1592702829296
0.0,0.0,10.219,23.6,1592702829358
0.0,0.0,10.219,23.6,1592702829428
0.0,0.0,10.219,23.6,1592702829516
0.0,0.0,10.219,23.6,1592702829578
0.0,0.0,10.219,23.6,1592702829643
0.0,0.0,10.219,23.6,1592702829708
0.0,0.0,10.219,23.6,1592702829780
0.0,0.0,10.219,23.6,1592702829849
0.0,0.0,10.219,23.6,1592702829920
0.0,0.0,10.219,23.6,1592702829988
0.0,0.0,10.219,23.6,1592702830059
0.0,0.0,10.219,23.6,1592702830224
0.0,0.0,10.219,23.6,1592702830232
0.0,0.0,10.23,23.6,1592702830269
0.0,0.0,10.23,23.6,1592702830338
0.0,0.0,10.219,23.6,1592702830410
0.0,0.0,10.219,23.6,1592702830476
0.0,0.0,10.219,23.6,1592702830551
0.0,0.0,10.219,23.6,1592702830618
0.0,0.0,10.219,23.6,1592702830688
0.0,0.0,10.23,23.6,1592702830766
0.0,0.0,10.23,23.6,1592702830844
0.0,0.0,10.23,23.6,1592702830896
0.0,0.0,10.23,23.6,1592702830969
0.0,0.0,10.23,23.6,1592702831037
0.0,0.0,10.23,23.6,1592702831106
0.0,0.0,10.23,23.6,1592702831178
0.0,0.0,10.23,23.6,1592702831251
0.0,0.0,10.23,23.6,1592702831319
0.0,0.0,10.23,23.6,1592702831391
0.0,0.0,10.23,23.6,1592702831459
0.0,0.0,10.23,23.6,1592702831530
0.0,0.0,10.23,23.6,1592702831596
0.0,0.0,10.23,23.6,1592702831668
0.0,0.0,10.23,23.6,1592702831739
0.0,0.0,10.23,23.6,1592702831808
0.0,0.0,10.23,23.6,1592702831948
0.0,0.0,10.23,23.6,1592702832019
0.0,0.0,10.23,23.6,1592702832087
0.0,0.0,10.23,23.6,1592702832237
0.0,0.0,10.24,23.6,1592702832373
0.0,0.0,10.24,23.6,1592702832380
0.0,0.0,10.24,23.6,1592702832996
0.0,0.0,10.24,23.6,1592702833054
0.0,0.0,10.24,23.6,1592702833060
0.0,0.0,10.24,23.6,1592702833066
0.0,0.0,10.24,23.6,1592702833075
0.0,0.0,10.24,23.6,1592702833086
0.0,0.0,10.24,23.6,1592702833100
0.0,0.0,10.24,23.6,1592702833107
0.0,0.0,10.24,23.6,1592702833125
0.0,0.0,10.24,23.6,1592702833135
0.0,0.0,10.24,23.6,1592702833206
0.0,0.0,10.23,23.6,1592702833277
0.0,0.0,10.24,23.6,1592702833347
0.0,0.0,10.24,23.6,1592702833418
0.0,0.0,10.23,23.6,1592702833488
0.0,0.0,10.23,23.6,1592702833580
0.0,0.0,10.23,23.6,1592702833648
0.0,0.0,10.23,23.6,1592702833707
0.0,0.0,10.23,23.6,1592702833770
0.0,0.0,10.23,23.6,1592702833838
0.0,0.0,10.23,23.6,1592702833909
0.0,0.0,10.23,23.6,1592702833976
0.0,0.0,10.23,23.6,1592702834047
0.0,0.0,10.23,23.6,1592702834115
0.0,0.0,10.23,23.6,1592702834195
0.0,0.0,10.23,23.6,1592702834256
0.0,0.0,10.23,23.6,1592702834327
0.0,0.0,10.24,23.6,1592702834402
0.0,0.0,10.24,23.6,1592702834468
0.0,0.0,10.24,23.6,1592702834537
0.0,0.0,10.24,23.6,1592702834606
0.0,0.0,10.24,23.6,1592702834676
0.0,0.0,10.24,23.6,1592702834753
0.0,0.0,10.24,23.6,1592702834829
0.0,0.0,10.24,23.6,1592702834889
0.0,0.0,10.24,23.6,1592702834957
0.0,0.0,10.24,23.6,1592702835026
0.0,0.0,10.24,23.6,1592702835096
0.0,0.0,10.23,23.6,1592702835166
0.0,0.0,10.23,23.6,1592702835345
35.164634704589844,139.617431640625,10.23,23.6,1592702835359
0.0,0.0,10.23,23.6,1592702835408
0.0,0.0,10.23,23.6,1592702835415
0.0,0.0,10.23,23.6,1592702835459
0.0,0.0,10.23,23.6,1592702835538
0.0,0.0,10.23,23.6,1592702835612
0.0,0.0,10.23,23.6,1592702835667
0.0,0.0,10.23,23.6,1592702835732
0.0,0.0,10.23,23.6,1592702835797
0.0,0.0,10.24,23.6,1592702835938
0.0,0.0,10.24,23.6,1592702836008
0.0,0.0,10.24,23.6,1592702836075
0.0,0.0,10.24,23.6,1592702836146
0.0,0.0,10.24,23.6,1592702836217
0.0,0.0,10.24,23.6,1592702836286
0.0,0.0,10.24,23.6,1592702836355
0.0,0.0,10.23,23.6,1592702836426
0.0,0.0,10.23,23.6,1592702836567
0.0,0.0,10.23,23.6,1592702836636
0.0,0.0,10.23,23.6,1592702836708
0.0,0.0,10.23,23.6,1592702836943
0.0,0.0,10.219,23.6,1592702836949
0.0,0.0,10.219,23.6,1592702836968
0.0,0.0,10.219,23.6,1592702837057
0.0,0.0,10.219,23.6,1592702837233
0.0,0.0,10.219,23.6,1592702837247
0.0,0.0,10.219,23.6,1592702837336
0.0,0.0,10.219,23.6,1592702838085
0.0,0.0,10.219,23.6,1592702838138
0.0,0.0,10.219,23.6,1592702838166
0.0,0.0,10.219,23.6,1592702838188
0.0,0.0,10.219,23.6,1592702838196
0.0,0.0,10.23,23.6,1592702838219
0.0,0.0,10.23,23.6,1592702838236
0.0,0.0,10.23,23.6,1592702838245
0.0,0.0,10.23,23.6,1592702838250
0.0,0.0,10.23,23.6,1592702838375
0.0,0.0,10.23,23.6,1592702838384
0.0,0.0,10.23,23.6,1592702838408
0.0,0.0,10.23,23.6,1592702838479
0.0,0.0,10.23,23.6,1592702838679
0.0,0.0,10.23,23.6,1592702838686
0.0,0.0,10.23,23.6,1592702838695
0.0,0.0,10.23,23.6,1592702838784
0.0,0.0,10.23,23.6,1592702838989
0.0,0.0,10.23,23.6,1592702839003
0.0,0.0,10.23,23.6,1592702839018
0.0,0.0,10.23,23.6,1592702839056
0.0,0.0,10.23,23.6,1592702839293
0.0,0.0,10.219,23.6,1592702839344
0.0,0.0,10.219,23.6,1592702839350
0.0,0.0,10.219,23.6,1592702839356
0.0,0.0,10.219,23.6,1592702839424
0.0,0.0,10.219,23.6,1592702839597
0.0,0.0,10.219,23.6,1592702839610
0.0,0.0,10.219,23.6,1592702839616
0.0,0.0,10.219,23.6,1592702839669
0.0,0.0,10.219,23.6,1592702839931
0.0,0.0,10.219,23.6,1592702839960
0.0,0.0,10.219,23.6,1592702839981
0.0,0.0,10.219,23.6,1592702839986
0.0,0.0,10.219,23.6,1592702840086
0.0,0.0,10.219,23.6,1592702840158
0.0,0.0,10.219,23.6,1592702840227
0.0,0.0,10.219,23.6,1592702840296
0.0,0.0,10.219,23.6,1592702840366
0.0,0.0,10.23,23.6,1592702840448
0.0,0.0,10.23,23.6,1592702840506
0.0,0.0,10.23,23.6,1592702840576
0.0,0.0,10.23,23.6,1592702840649
0.0,0.0,10.23,23.6,1592702840720
0.0,0.0,10.23,23.6,1592702840791
0.0,0.0,10.23,23.6,1592702840857
0.0,0.0,10.219,23.6,1592702840926
0.0,0.0,10.219,23.6,1592702840997
0.0,0.0,10.219,23.6,1592702841067
0.0,0.0,10.219,23.6,1592702841136
0.0,0.0,10.219,23.6,1592702841205
0.0,0.0,10.219,23.6,1592702841277
0.0,0.0,10.23,23.6,1592702841346
0.0,0.0,10.23,23.6,1592702841439
0.0,0.0,10.23,23.6,1592702841508
0.0,0.0,10.23,23.6,1592702841581
0.0,0.0,10.23,23.6,1592702841631
0.0,0.0,10.23,23.6,1592702841840
0.0,0.0,10.23,23.6,1592702841906
0.0,0.0,10.23,23.6,1592702841990
0.0,0.0,10.23,23.6,1592702842048
0.0,0.0,10.23,23.6,1592702842119
0.0,0.0,10.23,23.6,1592702842187
0.0,0.0,10.23,23.6,1592702842306
0.0,0.0,10.23,23.6,1592702842327
0.0,0.0,10.23,23.6,1592702842411
0.0,0.0,10.23,23.6,1592702842960
0.0,0.0,10.23,23.6,1592702843011
0.0,0.0,10.23,23.6,1592702843018
0.0,0.0,10.219,23.6,1592702843034
0.0,0.0,10.219,23.6,1592702843038
0.0,0.0,10.219,23.6,1592702843043
0.0,0.0,10.219,23.6,1592702843047
0.0,0.0,10.219,23.6,1592702843053
0.0,0.0,10.209,23.6,1592702843070
0.0,0.0,10.209,23.6,1592702843096
0.0,0.0,10.209,23.6,1592702843166
0.0,0.0,10.209,23.6,1592702843236
0.0,0.0,10.219,23.6,1592702843306
0.0,0.0,10.219,23.6,1592702843376
0.0,0.0,10.219,23.6,1592702843448
0.0,0.0,10.219,23.6,1592702843517
0.0,0.0,10.219,23.6,1592702843600
0.0,0.0,10.219,23.6,1592702843656
0.0,0.0,10.219,23.6,1592702843728
0.0,0.0,10.219,23.6,1592702843797
0.0,0.0,10.23,23.6,1592702843872
0.0,0.0,10.23,23.6,1592702843938
0.0,0.0,10.23,23.6,1592702844006
0.0,0.0,10.23,23.6,1592702844076
0.0,0.0,10.23,23.6,1592702844155
0.0,0.0,10.23,23.6,1592702844218
0.0,0.0,10.23,23.6,1592702844358
0.0,0.0,10.23,23.6,1592702844454
0.0,0.0,10.23,23.6,1592702844496
0.0,0.0,10.23,23.6,1592702844566
0.0,0.0,10.23,23.6,1592702844636
0.0,0.0,10.23,23.6,1592702844706
0.0,0.0,10.23,23.6,1592702844865
0.0,0.0,10.23,23.6,1592702844872
0.0,0.0,10.23,23.6,1592702844924
0.0,0.0,10.23,23.6,1592702844994
0.0,0.0,10.24,23.6,1592702845056
0.0,0.0,10.24,23.6,1592702845126
0.0,0.0,10.24,23.6,1592702845270
35.164642333984375,139.617431640625,10.24,23.6,1592702845274
0.0,0.0,10.24,23.6,1592702845378
0.0,0.0,10.24,23.6,1592702845406
0.0,0.0,10.24,23.6,1592702845581
0.0,0.0,10.24,23.6,1592702845586
0.0,0.0,10.24,23.6,1592702845620
0.0,0.0,10.24,23.6,1592702845689
0.0,0.0,10.23,23.6,1592702845768
0.0,0.0,10.23,23.6,1592702845861
0.0,0.0,10.23,23.6,1592702845897
0.0,0.0,10.23,23.6,1592702845967
0.0,0.0,10.23,23.6,1592702846039
0.0,0.0,10.23,23.6,1592702846107
0.0,0.0,10.23,23.6,1592702846177
0.0,0.0,10.23,23.6,1592702846249
0.0,0.0,10.23,23.6,1592702846319
0.0,0.0,10.23,23.6,1592702846400
0.0,0.0,10.219,23.6,1592702846459
0.0,0.0,10.219,23.6,1592702846542
0.0,0.0,10.219,23.6,1592702846605
0.0,0.0,10.219,23.6,1592702846667
0.0,0.0,10.23,23.6,1592702846737
0.0,0.0,10.23,23.6,1592702846807
0.0,0.0,10.23,23.6,1592702846877
0.0,0.0,10.23,23.6,1592702846947
0.0,0.0,10.23,23.6,1592702847017
0.0,0.0,10.23,23.6,1592702847086
0.0,0.0,10.23,23.6,1592702847156
0.0,0.0,10.23,23.6,1592702847226
0.0,0.0,10.23,23.6,1592702847297
0.0,0.0,10.23,23.6,1592702847366
0.0,0.0,10.23,23.6,1592702847530
0.0,0.0,10.24,23.6,1592702847587
0.0,0.0,10.24,23.6,1592702847597
0.0,0.0,10.24,23.6,1592702847647
0.0,0.0,10.24,23.6,1592702847721
0.0,0.0,10.24,23.6,1592702847860
0.0,0.0,10.24,23.6,1592702847928
0.0,0.0,10.24,23.6,1592702848014
0.0,0.0,10.24,23.6,1592702848665
0.0,0.0,10.24,23.6,1592702848720
0.0,0.0,10.24,23.6,1592702848726
0.0,0.0,10.24,23.6,1592702848734
0.0,0.0,10.24,23.6,1592702848742
0.0,0.0,10.24,23.6,1592702848747
0.0,0.0,10.24,23.6,1592702848751
0.0,0.0,10.24,23.6,1592702848755
0.0,0.0,10.24,23.6,1592702848760
0.0,0.0,10.24,23.6,1592702848776
0.0,0.0,10.23,23.6,1592702848784
0.0,0.0,10.23,23.6,1592702848838
0.0,0.0,10.23,23.6,1592702848912
0.0,0.0,10.23,23.6,1592702848978
0.0,0.0,10.23,23.6,1592702849065
0.0,0.0,10.23,23.6,1592702849188
0.0,0.0,10.23,23.6,1592702849288
0.0,0.0,10.23,23.6,1592702849330
0.0,0.0,10.23,23.6,1592702849575
0.0,0.0,10.23,23.6,1592702849581
0.0,0.0,10.23,23.6,1592702849613
0.0,0.0,10.23,23.6,1592702849690
0.0,0.0,10.23,23.6,1592702849748
0.0,0.0,10.23,23.6,1592702849818
0.0,0.0,10.23,23.6,1592702849898
0.0,0.0,10.23,23.6,1592702849970
0.0,0.0,10.23,23.6,1592702850036
0.0,0.0,10.23,23.6,1592702850098
0.0,0.0,10.23,23.6,1592702850173
0.0,0.0,10.23,23.6,1592702850237
0.0,0.0,10.23,23.6,1592702850307
0.0,0.0,10.23,23.6,1592702850378
0.0,0.0,10.23,23.6,1592702850447
0.0,0.0,10.23,23.6,1592702850517
0.0,0.0,10.23,23.6,1592702850587
0.0,0.0,10.23,23.6,1592702850657
0.0,0.0,10.23,23.6,1592702850728
0.0,0.0,10.23,23.6,1592702850802
0.0,0.0,10.23,23.6,1592702850867
0.0,0.0,10.23,23.6,1592702850945
0.0,0.0,10.24,23.6,1592702851078
0.0,0.0,10.24,23.6,1592702851219
0.0,0.0,10.24,23.6,1592702851371
0.0,0.0,10.24,23.6,1592702851434
0.0,0.0,10.24,23.6,1592702851507
0.0,0.0,10.24,23.6,1592702851571
0.0,0.0,10.24,23.6,1592702851638
0.0,0.0,10.24,23.6,1592702851710
0.0,0.0,10.24,23.6,1592702851779
0.0,0.0,10.24,23.6,1592702851849
0.0,0.0,10.24,23.6,1592702851919
0.0,0.0,10.24,23.6,1592702851991
0.0,0.0,10.24,23.6,1592702852058
0.0,0.0,10.24,23.6,1592702852127
0.0,0.0,10.23,23.6,1592702852197
0.0,0.0,10.23,23.6,1592702852267
0.0,0.0,10.23,23.6,1592702852337
0.0,0.0,10.23,23.6,1592702852407
0.0,0.0,10.23,23.6,1592702852477
0.0,0.0,10.23,23.6,1592702852549
0.0,0.0,10.23,23.6,1592702852617
0.0,0.0,10.23,23.6,1592702852687
0.0,0.0,10.23,23.6,1592702852757
0.0,0.0,10.23,23.6,1592702852899
0.0,0.0,10.23,23.6,1592702852968
0.0,0.0,10.23,23.6,1592702853040
0.0,0.0,10.24,23.6,1592702853677
0.0,0.0,10.24,23.6,1592702853735
0.0,0.0,10.24,23.6,1592702853743
0.0,0.0,10.24,23.6,1592702853753
0.0,0.0,10.25,23.6,1592702853759
0.0,0.0,10.25,23.6,1592702853768
0.0,0.0,10.24,23.6,1592702853774
0.0,0.0,10.24,23.6,1592702853793
0.0,0.0,10.24,23.6,1592702853807
0.0,0.0,10.24,23.6,1592702853814
0.0,0.0,10.24,23.6,1592702853884
0.0,0.0,10.24,23.6,1592702853948
0.0,0.0,10.24,23.6,1592702854018
0.0,0.0,10.24,23.6,1592702854161
0.0,0.0,10.24,23.6,1592702854231
0.0,0.0,10.24,23.6,1592702854303
0.0,0.0,10.24,23.6,1592702854376
0.0,0.0,10.23,23.6,1592702854438
0.0,0.0,10.24,23.6,1592702854508
0.0,0.0,10.24,23.6,1592702854577
0.0,0.0,10.24,23.6,1592702854647
0.0,0.0,10.24,23.6,1592702854717
0.0,0.0,10.24,23.6,1592702854787
0.0,0.0,10.24,23.6,1592702854858
0.0,0.0,10.24,23.6,1592702854928
0.0,0.0,10.24,23.6,1592702854998
0.0,0.0,10.24,23.6,1592702855071
0.0,0.0,10.24,23.6,1592702855142
0.0,0.0,10.23,23.6,1592702855209
0.0,0.0,10.23,23.6,1592702855281
0.0,0.0,10.23,23.6,1592702855348
0.0,0.0,10.23,23.6,1592702855418
0.0,0.0,10.23,23.6,1592702855487
0.0,0.0,10.23,23.6,1592702855558
0.0,0.0,10.23,23.6,1592702855627
0.0,0.0,10.23,23.6,1592702855716
0.0,0.0,10.23,23.6,1592702855768
0.0,0.0,10.23,23.6,1592702855839
0.0,0.0,10.23,23.6,1592702855908
0.0,0.0,10.23,23.6,1592702855979
0.0,0.0,10.23,23.6,1592702856047
0.0,0.0,10.23,23.6,1592702856118
0.0,0.0,10.23,23.6,1592702856187
0.0,0.0,10.23,23.6,1592702856258
0.0,0.0,10.23,23.6,1592702856436
0.0,0.0,10.23,23.6,1592702856441
0.0,0.0,10.23,23.6,1592702856541
0.0,0.0,10.23,23.6,1592702856608
0.0,0.0,10.23,23.6,1592702856682
0.0,0.0,10.23,23.6,1592702856753
0.0,0.0,10.23,23.6,1592702856961
0.0,0.0,10.219,23.6,1592702856967
0.0,0.0,10.219,23.6,1592702856979
0.0,0.0,10.219,23.6,1592702857028
0.0,0.0,10.219,23.6,1592702857267
0.0,0.0,10.219,23.6,1592702857275
0.0,0.0,10.219,23.6,1592702857284
0.0,0.0,10.219,23.6,1592702857322
0.0,0.0,10.219,23.6,1592702857378
0.0,0.0,10.219,23.6,1592702857549
0.0,0.0,10.219,23.6,1592702857559
0.0,0.0,10.219,23.6,1592702857594
0.0,0.0,10.219,23.6,1592702857658
0.0,0.0,10.23,23.6,1592702857844
0.0,0.0,10.219,23.6,1592702857850
0.0,0.0,10.219,23.6,1592702857898
0.0,0.0,10.219,23.6,1592702857938
0.0,0.0,10.219,23.6,1592702858733
0.0,0.0,10.219,23.6,1592702858781
0.0,0.0,10.219,23.6,1592702858787
0.0,0.0,10.219,23.6,1592702858792
0.0,0.0,10.219,23.6,1592702858797
0.0,0.0,10.219,23.6,1592702858802
0.0,0.0,10.219,23.6,1592702858825
0.0,0.0,10.219,23.6,1592702858859
0.0,0.0,10.219,23.6,1592702858865
0.0,0.0,10.219,23.6,1592702858876
0.0,0.0,10.219,23.6,1592702858881
0.0,0.0,10.23,23.6,1592702858888
0.0,0.0,10.23,23.6,1592702859023
0.0,0.0,10.23,23.6,1592702859029
0.0,0.0,10.23,23.6,1592702859108
0.0,0.0,10.219,23.6,1592702859326
0.0,0.0,10.219,23.6,1592702859391
0.0,0.0,10.219,23.6,1592702859639
0.0,0.0,10.219,23.6,1592702859654
0.0,0.0,10.23,23.6,1592702859670
0.0,0.0,10.23,23.6,1592702859739
0.0,0.0,10.23,23.6,1592702859935
0.0,0.0,10.23,23.6,1592702859997
0.0,0.0,10.23,23.6,1592702860002
0.0,0.0,10.23,23.6,1592702860017
0.0,0.0,10.23,23.6,1592702860086
0.0,0.0,10.23,23.6,1592702860156
0.0,0.0,10.23,23.6,1592702860230
0.0,0.0,10.23,23.6,1592702860297
0.0,0.0,10.23,23.6,1592702860390
0.0,0.0,10.23,23.6,1592702860436
0.0,0.0,10.23,23.6,1592702860507
0.0,0.0,10.23,23.6,1592702860599
0.0,0.0,10.23,23.6,1592702860737
0.0,0.0,10.23,23.6,1592702860743
0.0,0.0,10.23,23.6,1592702860787
0.0,0.0,10.23,23.6,1592702860862
0.0,0.0,10.23,23.6,1592702860933
0.0,0.0,10.219,23.6,1592702860996
0.0,0.0,10.219,23.6,1592702861066
0.0,0.0,10.219,23.6,1592702861143
0.0,0.0,10.23,23.6,1592702861206
0.0,0.0,10.219,23.6,1592702861278
0.0,0.0,10.219,23.6,1592702861454
0.0,0.0,10.219,23.6,1592702861466
0.0,0.0,10.23,23.6,1592702861487
0.0,0.0,10.23,23.6,1592702861561
0.0,0.0,10.23,23.6,1592702861629
0.0,0.0,10.23,23.6,1592702861696
0.0,0.0,10.23,23.6,1592702861792
0.0,0.0,10.23,23.6,1592702861837
0.0,0.0,10.23,23.6,1592702861909
0.0,0.0,10.23,23.6,1592702861982
0.0,0.0,10.23,23.6,1592702862047
0.0,0.0,10.24,23.6,1592702862149
0.0,0.0,10.24,23.6,1592702862219
0.0,0.0,10.24,23.6,1592702862262
0.0,0.0,10.24,23.6,1592702862326
0.0,0.0,10.24,23.6,1592702862396
0.0,0.0,10.24,23.6,1592702862478
0.0,0.0,10.24,23.6,1592702862538
0.0,0.0,10.24,23.6,1592702862606
0.0,0.0,10.24,23.6,1592702862680
0.0,0.0,10.24,23.6,1592702862745
0.0,0.0,10.24,23.6,1592702862815
0.0,0.0,10.24,23.6,1592702862989
0.0,0.0,10.24,23.6,1592702863025
0.0,0.0,10.24,23.6,1592702863617
0.0,0.0,10.24,23.6,1592702863671
0.0,0.0,10.24,23.6,1592702863679
0.0,0.0,10.24,23.6,1592702863683
0.0,0.0,10.23,23.6,1592702863696
0.0,0.0,10.23,23.6,1592702863700
0.0,0.0,10.23,23.6,1592702863712
0.0,0.0,10.23,23.6,1592702863718
0.0,0.0,10.23,23.6,1592702863726
0.0,0.0,10.23,23.6,1592702863797
0.0,0.0,10.23,23.6,1592702863868
0.0,0.0,10.23,23.6,1592702863955
0.0,0.0,10.23,23.6,1592702864006
0.0,0.0,10.23,23.6,1592702864078
0.0,0.0,10.23,23.6,1592702864321
0.0,0.0,10.23,23.6,1592702864326
0.0,0.0,10.23,23.6,1592702864359
0.0,0.0,10.23,23.6,1592702864426
0.0,0.0,10.23,23.6,1592702864509
0.0,0.0,10.23,23.6,1592702864566
0.0,0.0,10.23,23.6,1592702864642
0.0,0.0,10.23,23.6,1592702864706
0.0,0.0,10.23,23.6,1592702864783
0.0,0.0,10.23,23.6,1592702864858
0.0,0.0,10.23,23.6,1592702864918
0.0,0.0,10.23,23.6,1592702864990
0.0,0.0,10.23,23.6,1592702865148
0.0,0.0,10.23,23.6,1592702865198
0.0,0.0,10.23,23.6,1592702865343
0.0,0.0,10.23,23.6,1592702865407
0.0,0.0,10.23,23.6,1592702865477
0.0,0.0,10.23,23.6,1592702865546
0.0,0.0,10.23,23.6,1592702865617
0.0,0.0,10.23,23.6,1592702865686
0.0,0.0,10.23,23.6,1592702865857
0.0,0.0,10.23,23.6,1592702865903
0.0,0.0,10.23,23.6,1592702865971
0.0,0.0,10.23,23.6,1592702866062
0.0,0.0,10.23,23.6,1592702866107
0.0,0.0,10.24,23.6,1592702866179
0.0,0.0,10.24,23.6,1592702866247
0.0,0.0,10.24,23.6,1592702866317
0.0,0.0,10.24,23.6,1592702866386
0.0,0.0,10.24,23.6,1592702866469
0.0,0.0,10.24,23.6,1592702866537
0.0,0.0,10.24,23.6,1592702866596
0.0,0.0,10.23,23.6,1592702866668
0.0,0.0,10.23,23.6,1592702866736
0.0,0.0,10.23,23.6,1592702866806
0.0,0.0,10.23,23.6,1592702867015
0.0,0.0,10.23,23.6,1592702867088
0.0,0.0,10.23,23.6,1592702867166
0.0,0.0,10.23,23.6,1592702867226
0.0,0.0,10.23,23.6,1592702867295
0.0,0.0,10.23,23.6,1592702867366
0.0,0.0,10.23,23.6,1592702867437
0.0,0.0,10.23,23.6,1592702867515
0.0,0.0,10.23,23.6,1592702867576
0.0,0.0,10.23,23.6,1592702867646
0.0,0.0,10.23,23.6,1592702867715
0.0,0.0,10.23,23.6,1592702867785
0.0,0.0,10.23,23.6,1592702867861
0.0,0.0,10.23,23.6,1592702867925
0.0,0.0,10.23,23.6,1592702868629
0.0,0.0,10.23,23.6,1592702868684
0.0,0.0,10.23,23.6,1592702868689
0.0,0.0,10.23,23.6,1592702868696
0.0,0.0,10.23,23.6,1592702868700
0.0,0.0,10.23,23.6,1592702868704
0.0,0.0,10.23,23.6,1592702868709
0.0,0.0,10.23,23.6,1592702868717
0.0,0.0,10.219,23.6,1592702868723
0.0,0.0,10.219,23.6,1592702868766
0.0,0.0,10.23,23.6,1592702868841
0.0,0.0,10.23,23.6,1592702868906
0.0,0.0,10.23,23.6,1592702868977
0.0,0.0,10.23,23.6,1592702869047
0.0,0.0,10.23,23.6,1592702869115
0.0,0.0,10.23,23.6,1592702869191
0.0,0.0,10.23,23.6,1592702869257
0.0,0.0,10.23,23.6,1592702869327
0.0,0.0,10.23,23.6,1592702869400
0.0,0.0,10.23,23.6,1592702869500
0.0,0.0,10.23,23.6,1592702869537
0.0,0.0,10.23,23.6,1592702869611
0.0,0.0,10.23,23.6,1592702869678
0.0,0.0,10.23,23.6,1592702869816
0.0,0.0,10.23,23.6,1592702869913
0.0,0.0,10.23,23.6,1592702869955
0.0,0.0,10.209,23.6,1592702870048
0.0,0.0,10.209,23.6,1592702870102
0.0,0.0,10.209,23.6,1592702870191
0.0,0.0,10.209,23.6,1592702870242
0.0,0.0,10.209,23.6,1592702870376
0.0,0.0,10.209,23.6,1592702870452
0.0,0.0,10.209,23.6,1592702870517
0.0,0.0,10.209,23.6,1592702870592
0.0,0.0,10.219,23.6,1592702870655
0.0,0.0,10.219,23.6,1592702870730
0.0,0.0,10.209,23.6,1592702870795
0.0,0.0,10.209,23.6,1592702870892
0.0,0.0,10.209,23.6,1592702870936
0.0,0.0,10.209,23.6,1592702871057
0.0,0.0,10.209,23.6,1592702871076
0.0,0.0,10.209,23.6,1592702871175
0.0,0.0,10.198,23.6,1592702871215
0.0,0.0,10.198,23.6,1592702871287
0.0,0.0,10.198,23.6,1592702871358
0.0,0.0,10.198,23.6,1592702871443
0.0,0.0,10.198,23.6,1592702871495
0.0,0.0,10.198,23.6,1592702871565
0.0,0.0,10.198,23.6,1592702871635
0.0,0.0,10.198,23.6,1592702871711
0.0,0.0,10.198,23.6,1592702871776
0.0,0.0,10.198,23.6,1592702871848
0.0,0.0,10.209,23.6,1592702871915
0.0,0.0,10.209,23.6,1592702871985
0.0,0.0,10.209,23.6,1592702872055
0.0,0.0,10.209,23.6,1592702872140
0.0,0.0,10.209,23.6,1592702872199
0.0,0.0,10.209,23.6,1592702872266
0.0,0.0,10.219,23.6,1592702872512
0.0,0.0,10.219,23.6,1592702872552
0.0,0.0,10.219,23.6,1592702872615
0.0,0.0,10.219,23.6,1592702872687
0.0,0.0,10.219,23.6,1592702872755
0.0,0.0,10.219,23.6,1592702872827
0.0,0.0,10.219,23.6,1592702872895
0.0,0.0,10.219,23.6,1592702872967
0.0,0.0,10.219,23.6,1592702873036
0.0,0.0,10.219,23.6,1592702873248
35.164669036865234,139.61741638183594,10.219,23.6,1592702873264
0.0,0.0,10.23,23.6,1592702873321
0.0,0.0,10.23,23.6,1592702873386
0.0,0.0,10.23,23.6,1592702873969
0.0,0.0,10.23,23.6,1592702873990
0.0,0.0,10.23,23.6,1592702874000
0.0,0.0,10.23,23.6,1592702874037
0.0,0.0,10.23,23.6,1592702874043
0.0,0.0,10.23,23.6,1592702874047
0.0,0.0,10.23,23.6,1592702874052
0.0,0.0,10.23,23.6,1592702874060
0.0,0.0,10.23,23.6,1592702874064
0.0,0.0,10.23,23.6,1592702874086
0.0,0.0,10.23,23.6,1592702874181
0.0,0.0,10.23,23.6,1592702874227
0.0,0.0,10.23,23.6,1592702874328
0.0,0.0,10.219,23.6,1592702874457
0.0,0.0,10.219,23.6,1592702874463
0.0,0.0,10.219,23.6,1592702874507
0.0,0.0,10.219,23.6,1592702874587
0.0,0.0,10.219,23.6,1592702874646
0.0,0.0,10.219,23.6,1592702874721
0.0,0.0,10.219,23.6,1592702874786
0.0,0.0,10.219,23.6,1592702874858
0.0,0.0,10.219,23.6,1592702874926
0.0,0.0,10.219,23.6,1592702874997
0.0,0.0,10.219,23.6,1592702875066
0.0,0.0,10.219,23.6,1592702875144
0.0,0.0,10.23,23.6,1592702875205
0.0,0.0,10.23,23.6,1592702875379
0.0,0.0,10.23,23.6,1592702875388
0.0,0.0,10.23,23.6,1592702875418
0.0,0.0,10.23,23.6,1592702875488
35.164676666259766,139.61740112304688,10.23,23.6,1592702875495
0.0,0.0,10.219,23.6,1592702875558
0.0,0.0,10.219,23.6,1592702875626
0.0,0.0,10.219,23.6,1592702875705
0.0,0.0,10.219,23.6,1592702875769
0.0,0.0,10.219,23.6,1592702875839
0.0,0.0,10.219,23.6,1592702875905
0.0,0.0,10.219,23.6,1592702875979
0.0,0.0,10.219,23.6,1592702876045
0.0,0.0,10.219,23.6,1592702876118
0.0,0.0,10.219,23.6,1592702876269
0.0,0.0,10.219,23.6,1592702876327
0.0,0.0,10.219,23.6,1592702876423
0.0,0.0,10.219,23.6,1592702876465
0.0,0.0,10.23,23.6,1592702876569
0.0,0.0,10.23,23.6,1592702876709
0.0,0.0,10.23,23.6,1592702876745
0.0,0.0,10.23,23.6,1592702876972
0.0,0.0,10.23,23.6,1592702876975
0.0,0.0,10.23,23.6,1592702876981
0.0,0.0,10.23,23.6,1592702877025
0.0,0.0,10.23,23.6,1592702877241
0.0,0.0,10.219,23.6,1592702877249
0.0,0.0,10.219,23.6,1592702877256
0.0,0.0,10.219,23.6,1592702877338
0.0,0.0,10.219,23.6,1592702877532
0.0,0.0,10.219,23.6,1592702877539
0.0,0.0,10.209,23.6,1592702877593
0.0,0.0,10.209,23.6,1592702877604
0.0,0.0,10.209,23.6,1592702877823
0.0,0.0,10.209,23.6,1592702877857
0.0,0.0,10.209,23.6,1592702877882
0.0,0.0,10.209,23.6,1592702877936
0.0,0.0,10.209,23.6,1592702878110
0.0,0.0,10.209,23.6,1592702878119
0.0,0.0,10.209,23.6,1592702878156
0.0,0.0,10.209,23.6,1592702878215
0.0,0.0,10.209,23.6,1592702878396
0.0,0.0,10.209,23.6,1592702878403
0.0,0.0,10.209,23.6,1592702878474
0.0,0.0,10.209,23.6,1592702879021
35.16468811035156,139.61740112304688,10.209,23.6,1592702879032
0.0,0.0,10.209,23.6,1592702879091
0.0,0.0,10.209,23.6,1592702879098
0.0,0.0,10.209,23.6,1592702879103
0.0,0.0,10.209,23.6,1592702879107
0.0,0.0,10.209,23.6,1592702879111
0.0,0.0,10.209,23.6,1592702879115
0.0,0.0,10.209,23.6,1592702879122
0.0,0.0,10.209,23.6,1592702879315
0.0,0.0,10.209,23.6,1592702879322
0.0,0.0,10.209,23.6,1592702879337
0.0,0.0,10.209,23.6,1592702879447
0.0,0.0,10.209,23.6,1592702879612
0.0,0.0,10.209,23.6,1592702879617
0.0,0.0,10.209,23.6,1592702879622
0.0,0.0,10.209,23.6,1592702879695
0.0,0.0,10.209,23.6,1592702879937
0.0,0.0,10.209,23.6,1592702879962
0.0,0.0,10.209,23.6,1592702879979
0.0,0.0,10.209,23.6,1592702879989
0.0,0.0,10.198,23.6,1592702880038
0.0,0.0,10.209,23.6,1592702880111
0.0,0.0,10.209,23.6,1592702880175
0.0,0.0,10.209,23.6,1592702880249
0.0,0.0,10.209,23.6,1592702880316
0.0,0.0,10.209,23.6,1592702880397
0.0,0.0,10.209,23.6,1592702880457
0.0,0.0,10.209,23.6,1592702880583
0.0,0.0,10.209,23.6,1592702880673
0.0,0.0,10.219,23.6,1592702880737
0.0,0.0,10.219,23.6,1592702880810
0.0,0.0,10.219,23.6,1592702880876
0.0,0.0,10.219,23.6,1592702880945
0.0,0.0,10.219,23.6,1592702881015
0.0,0.0,10.219,23.6,1592702881088
0.0,0.0,10.219,23.6,1592702881157
0.0,0.0,10.219,23.6,1592702881225
0.0,0.0,10.219,23.6,1592702881297
0.0,0.0,10.219,23.6,1592702881365
0.0,0.0,10.219,23.6,1592702881435
0.0,0.0,10.219,23.6,1592702881505
0.0,0.0,10.219,23.6,1592702881585
0.0,0.0,10.219,23.6,1592702881725
0.0,0.0,10.219,23.6,1592702881786
0.0,0.0,10.219,23.6,1592702881856
0.0,0.0,10.219,23.6,1592702881936
0.0,0.0,10.219,23.6,1592702881996
0.0,0.0,10.219,23.6,1592702882239
0.0,0.0,10.219,23.6,1592702882242
0.0,0.0,10.219,23.6,1592702882285
0.0,0.0,10.219,23.6,1592702882346
0.0,0.0,10.219,23.6,1592702882417
0.0,0.0,10.219,23.6,1592702882488
0.0,0.0,10.219,23.6,1592702882557
0.0,0.0,10.219,23.6,1592702882627
0.0,0.0,10.219,23.6,1592702882734
0.0,0.0,10.219,23.6,1592702882767
0.0,0.0,10.219,23.6,1592702882843
0.0,0.0,10.219,23.6,1592702882907
0.0,0.0,10.219,23.6,1592702882977
0.0,0.0,10.219,23.6,1592702883048
0.0,0.0,10.209,23.6,1592702883116
0.0,0.0,10.209,23.6,1592702883197
0.0,0.0,10.209,23.6,1592702883325
0.0,0.0,10.209,23.6,1592702883396
0.0,0.0,10.209,23.6,1592702883997
35.16469955444336,139.6173858642578,10.209,23.6,1592702884004
0.0,0.0,10.198,23.6,1592702884050
0.0,0.0,10.198,23.6,1592702884058
0.0,0.0,10.198,23.6,1592702884063
0.0,0.0,10.198,23.6,1592702884069
0.0,0.0,10.198,23.6,1592702884073
0.0,0.0,10.198,23.6,1592702884078
0.0,0.0,10.198,23.6,1592702884082
0.0,0.0,10.198,23.6,1592702884086
0.0,0.0,10.209,23.6,1592702884106
0.0,0.0,10.209,23.6,1592702884166
0.0,0.0,10.209,23.6,1592702884242
0.0,0.0,10.209,23.6,1592702884306
0.0,0.0,10.209,23.6,1592702884379
0.0,0.0,10.209,23.6,1592702884530
0.0,0.0,10.209,23.6,1592702884586
0.0,0.0,10.219,23.6,1592702884655
0.0,0.0,10.219,23.6,1592702884727
0.0,0.0,10.219,23.6,1592702884866
0.0,0.0,10.209,23.6,1592702884935
0.0,0.0,10.209,23.6,1592702885005
0.0,0.0,10.209,23.6,1592702885083
0.0,0.0,10.209,23.6,1592702885146
0.0,0.0,10.209,23.6,1592702885215
0.0,0.0,10.209,23.6,1592702885285
0.0,0.0,10.209,23.6,1592702885356
0.0,0.0,10.209,23.6,1592702885435
0.0,0.0,10.209,23.6,1592702885495
0.0,0.0,10.209,23.6,1592702885565
0.0,0.0,10.198,23.6,1592702885635
0.0,0.0,10.198,23.6,1592702885705
0.0,0.0,10.198,23.6,1592702885845
0.0,0.0,10.198,23.6,1592702885985
0.0,0.0,10.198,23.6,1592702886057
0.0,0.0,10.209,23.6,1592702886140
0.0,0.0,10.209,23.6,1592702886195
0.0,0.0,10.209,23.6,1592702886273
0.0,0.0,10.209,23.6,1592702886340
0.0,0.0,10.209,23.6,1592702886409
0.0,0.0,10.209,23.6,1592702886476
0.0,0.0,10.209,23.6,1592702886549
0.0,0.0,10.209,23.6,1592702886615
0.0,0.0,10.209,23.6,1592702886718
0.0,0.0,10.209,23.6,1592702886755
0.0,0.0,10.209,23.6,1592702886826
0.0,0.0,10.209,23.6,1592702886903
0.0,0.0,10.209,23.6,1592702886966
0.0,0.0,10.209,23.6,1592702887054
0.0,0.0,10.209,23.6,1592702887111
0.0,0.0,10.209,23.6,1592702887175
0.0,0.0,10.209,23.6,1592702887246
0.0,0.0,10.198,23.6,1592702887324
0.0,0.0,10.198,23.6,1592702887386
0.0,0.0,10.198,23.6,1592702887458
0.0,0.0,10.198,23.6,1592702887536
0.0,0.0,10.198,23.6,1592702887597
0.0,0.0,10.209,23.6,1592702887666
0.0,0.0,10.209,23.6,1592702887740
0.0,0.0,10.209,23.6,1592702887807
0.0,0.0,10.209,23.6,1592702887908
0.0,0.0,10.209,23.6,1592702887949
0.0,0.0,10.219,23.6,1592702888018
0.0,0.0,10.219,23.6,1592702888086
0.0,0.0,10.219,23.6,1592702888173
0.0,0.0,10.219,23.6,1592702888226
0.0,0.0,10.219,23.6,1592702888327
0.0,0.0,10.219,23.6,1592702888367
0.0,0.0,10.219,23.6,1592702888466
0.0,0.0,10.219,23.6,1592702888506
0.0,0.0,10.219,23.6,1592702888588
0.0,0.0,10.219,23.6,1592702888645
0.0,0.0,10.209,23.6,1592702889216
0.0,0.0,10.209,23.6,1592702889228
0.0,0.0,10.209,23.6,1592702889242
0.0,0.0,10.209,23.6,1592702889254
0.0,0.0,10.198,23.6,1592702889269
0.0,0.0,10.198,23.6,1592702889303
0.0,0.0,10.198,23.6,1592702889317
0.0,0.0,10.198,23.6,1592702889327
0.0,0.0,10.188,23.6,1592702889332
0.0,0.0,10.188,23.6,1592702889345
0.0,0.0,10.188,23.6,1592702889423
0.0,0.0,10.188,23.6,1592702889486
0.0,0.0,10.188,23.6,1592702889555
0.0,0.0,10.188,23.6,1592702889627
0.0,0.0,10.188,23.6,1592702889696
0.0,0.0,10.188,23.6,1592702889836
0.0,0.0,10.188,23.6,1592702889907
0.0,0.0,10.188,23.6,1592702889977
0.0,0.0,10.198,23.6,1592702890047
0.0,0.0,10.198,23.6,1592702890122
0.0,0.0,10.198,23.6,1592702890187
0.0,0.0,10.188,23.6,1592702890274
0.0,0.0,10.188,23.6,1592702890327
0.0,0.0,10.198,23.6,1592702890396
0.0,0.0,10.198,23.6,1592702890466
0.0,0.0,10.188,23.6,1592702890553
0.0,0.0,10.188,23.6,1592702890606
0.0,0.0,10.198,23.6,1592702890675
0.0,0.0,10.198,23.6,1592702890745
0.0,0.0,10.198,23.6,1592702890816
0.0,0.0,10.198,23.6,1592702890885
0.0,0.0,10.198,23.6,1592702890955
0.0,0.0,10.198,23.6,1592702891096
0.0,0.0,10.198,23.6,1592702891168
0.0,0.0,10.198,23.6,1592702891251
0.0,0.0,10.198,23.6,1592702891306
0.0,0.0,10.198,23.6,1592702891375
0.0,0.0,10.209,23.6,1592702891446
0.0,0.0,10.209,23.6,1592702891515
0.0,0.0,10.209,23.6,1592702891596
0.0,0.0,10.209,23.6,1592702891658
0.0,0.0,10.209,23.6,1592702891725
0.0,0.0,10.209,23.6,1592702891795
0.0,0.0,10.209,23.6,1592702891865
0.0,0.0,10.209,23.6,1592702891935
0.0,0.0,10.209,23.6,1592702892005
0.0,0.0,10.209,23.6,1592702892075
0.0,0.0,10.209,23.6,1592702892165
0.0,0.0,10.209,23.6,1592702892216
0.0,0.0,10.198,23.6,1592702892285
0.0,0.0,10.198,23.6,1592702892355
0.0,0.0,10.198,23.6,1592702892426
0.0,0.0,10.198,23.6,1592702892503
0.0,0.0,10.198,23.6,1592702892566
0.0,0.0,10.198,23.6,1592702892635
0.0,0.0,10.188,23.6,1592702892705
0.0,0.0,10.188,23.6,1592702892777
0.0,0.0,10.188,23.6,1592702892846
0.0,0.0,10.188,23.6,1592702892917
0.0,0.0,10.188,23.6,1592702892997
0.0,0.0,10.188,23.6,1592702893057
0.0,0.0,10.188,23.6,1592702893125
0.0,0.0,10.188,23.6,1592702893216
0.0,0.0,10.188,23.6,1592702893359
0.0,0.0,10.198,23.6,1592702893405
0.0,0.0,10.198,23.6,1592702893476
0.0,0.0,10.198,23.6,1592702893547
0.0,0.0,10.198,23.6,1592702893615
0.0,0.0,10.198,23.6,1592702894176
0.0,0.0,10.198,23.6,1592702894188
0.0,0.0,10.198,23.6,1592702894196
0.0,0.0,10.198,23.6,1592702894240
0.0,0.0,10.198,23.6,1592702894249
0.0,0.0,10.198,23.6,1592702894255
0.0,0.0,10.198,23.6,1592702894262
0.0,0.0,10.209,23.6,1592702894314
0.0,0.0,10.209,23.6,1592702894394
0.0,0.0,10.209,23.6,1592702894422
0.0,0.0,10.209,23.6,1592702894452
0.0,0.0,10.209,23.6,1592702894463
0.0,0.0,10.209,23.6,1592702894536
0.0,0.0,10.209,23.6,1592702894596
0.0,0.0,10.209,23.6,1592702894666
0.0,0.0,10.209,23.6,1592702894737
0.0,0.0,10.209,23.6,1592702894805
0.0,0.0,10.209,23.6,1592702894944
0.0,0.0,10.209,23.6,1592702895038
0.0,0.0,10.209,23.6,1592702895085
0.0,0.0,10.219,23.6,1592702895161
0.0,0.0,10.219,23.6,1592702895241
0.0,0.0,10.219,23.6,1592702895297
0.0,0.0,10.219,23.6,1592702895365
0.0,0.0,10.219,23.6,1592702895435
0.0,0.0,10.219,23.6,1592702895506
0.0,0.0,10.219,23.6,1592702895589
0.0,0.0,10.209,23.6,1592702895647
0.0,0.0,10.209,23.6,1592702895715
0.0,0.0,10.209,23.6,1592702895785
0.0,0.0,10.209,23.6,1592702895961
0.0,0.0,10.209,23.6,1592702895965
0.0,0.0,10.209,23.6,1592702895995
0.0,0.0,10.209,23.6,1592702896138
0.0,0.0,10.209,23.6,1592702896206
0.0,0.0,10.209,23.6,1592702896285
0.0,0.0,10.209,23.6,1592702896346
0.0,0.0,10.198,23.6,1592702896427
0.0,0.0,10.209,23.6,1592702896485
0.0,0.0,10.209,23.6,1592702896557
0.0,0.0,10.209,23.6,1592702896629
0.0,0.0,10.209,23.6,1592702896696
0.0,0.0,10.209,23.6,1592702896767
0.0,0.0,10.209,23.6,1592702897012
0.0,0.0,10.209,23.6,1592702897021
0.0,0.0,10.209,23.6,1592702897050
0.0,0.0,10.209,23.6,1592702897115
0.0,0.0,10.219,23.6,1592702897299
0.0,0.0,10.219,23.6,1592702897309
0.0,0.0,10.219,23.6,1592702897326
0.0,0.0,10.219,23.6,1592702897435
0.0,0.0,10.219,23.6,1592702897592
0.0,0.0,10.219,23.6,1592702897596
0.0,0.0,10.209,23.6,1592702897606
0.0,0.0,10.209,23.6,1592702897691
0.0,0.0,10.209,23.6,1592702897897
0.0,0.0,10.209,23.6,1592702897904
0.0,0.0,10.209,23.6,1592702897923
0.0,0.0,10.198,23.6,1592702897955
0.0,0.0,10.198,23.6,1592702898191
0.0,0.0,10.198,23.6,1592702898196
0.0,0.0,10.198,23.6,1592702898201
0.0,0.0,10.188,23.6,1592702898240
0.0,0.0,10.188,23.6,1592702898306
0.0,0.0,10.188,23.6,1592702898476
0.0,0.0,10.198,23.6,1592702898482
0.0,0.0,10.198,23.6,1592702898544
0.0,0.0,10.198,23.6,1592702898587
0.0,0.0,10.198,23.6,1592702898778
0.0,0.0,10.198,23.6,1592702898810
0.0,0.0,10.198,23.6,1592702898818
0.0,0.0,10.198,23.6,1592702898875
0.0,0.0,10.198,23.6,1592702899694
0.0,0.0,10.198,23.6,1592702899709
0.0,0.0,10.198,23.6,1592702899723
0.0,0.0,10.198,23.6,1592702899730
0.0,0.0,10.198,23.6,1592702899744
0.0,0.0,10.198,23.6,1592702899751
0.0,0.0,10.198,23.6,1592702899757
0.0,0.0,10.198,23.6,1592702899766
0.0,0.0,10.198,23.6,1592702900025
0.0,0.0,10.198,23.6,1592702900037
0.0,0.0,10.198,23.6,1592702900084
0.0,0.0,10.198,23.6,1592702900153
0.0,0.0,10.198,23.6,1592702900229
0.0,0.0,10.198,23.6,1592702900294
0.0,0.0,10.198,23.6,1592702900369
0.0,0.0,10.198,23.6,1592702900435
0.0,0.0,10.198,23.6,1592702900556
0.0,0.0,10.198,23.6,1592702900579
0.0,0.0,10.209,23.6,1592702900645
0.0,0.0,10.209,23.6,1592702900713
0.0,0.0,10.209,23.6,1592702900791
0.0,0.0,10.209,23.6,1592702900854
0.0,0.0,10.209,23.6,1592702900928
0.0,0.0,10.209,23.6,1592702901011
0.0,0.0,10.209,23.6,1592702901063
0.0,0.0,10.209,23.6,1592702901132
0.0,0.0,10.209,23.6,1592702901203
0.0,0.0,10.209,23.6,1592702901387
0.0,0.0,10.209,23.6,1592702901418
0.0,0.0,10.209,23.6,1592702901568
0.0,0.0,10.209,23.6,1592702901623
0.0,0.0,10.209,23.6,1592702901696
0.0,0.0,10.209,23.6,1592702901765
0.0,0.0,10.209,23.6,1592702901834
0.0,0.0,10.209,23.6,1592702901910
0.0,0.0,10.209,23.6,1592702901979
0.0,0.0,10.209,23.6,1592702902044
0.0,0.0,10.209,23.6,1592702902130
0.0,0.0,10.209,23.6,1592702902183
0.0,0.0,10.209,23.6,1592702902258
0.0,0.0,10.209,23.6,1592702902325
0.0,0.0,10.219,23.6,1592702902400
0.0,0.0,10.219,23.6,1592702902464
0.0,0.0,10.219,23.6,1592702902534
0.0,0.0,10.219,23.6,1592702902603
0.0,0.0,10.219,23.6,1592702902712
0.0,0.0,10.219,23.6,1592702902743
0.0,0.0,10.219,23.6,1592702902814
0.0,0.0,10.219,23.6,1592702902897
0.0,0.0,10.219,23.6,1592702902955
0.0,0.0,10.219,23.6,1592702903028
0.0,0.0,10.219,23.6,1592702903094
0.0,0.0,10.219,23.6,1592702903176
0.0,0.0,10.219,23.6,1592702903234
0.0,0.0,10.219,23.6,1592702903322
0.0,0.0,10.219,23.6,1592702903373
0.0,0.0,10.219,23.6,1592702903443
0.0,0.0,10.219,23.6,1592702903514
0.0,0.0,10.219,23.6,1592702903597
0.0,0.0,10.219,23.6,1592702903724
0.0,0.0,10.219,23.6,1592702903794
0.0,0.0,10.219,23.6,1592702903874
0.0,0.0,10.219,23.6,1592702903934
0.0,0.0,10.219,23.6,1592702904008
0.0,0.0,10.219,23.6,1592702904565
0.0,0.0,10.219,23.6,1592702904629
0.0,0.0,10.219,23.6,1592702904635
0.0,0.0,10.219,23.6,1592702904640
0.0,0.0,10.219,23.6,1592702904644
0.0,0.0,10.209,23.6,1592702904648
0.0,0.0,10.209,23.6,1592702904654
0.0,0.0,10.209,23.6,1592702904674
0.0,0.0,10.209,23.6,1592702904683
0.0,0.0,10.209,23.6,1592702904703
0.0,0.0,10.209,23.6,1592702904774
0.0,0.0,10.209,23.6,1592702904846
0.0,0.0,10.209,23.6,1592702904914
0.0,0.0,10.209,23.6,1592702904992
0.0,0.0,10.209,23.6,1592702905054
0.0,0.0,10.209,23.6,1592702905150
0.0,0.0,10.209,23.6,1592702905194
0.0,0.0,10.209,23.6,1592702905263
0.0,0.0,10.209,23.6,1592702905337
0.0,0.0,10.209,23.6,1592702905406
0.0,0.0,10.209,23.6,1592702905474
0.0,0.0,10.209,23.6,1592702905548
0.0,0.0,10.209,23.6,1592702905613
0.0,0.0,10.209,23.6,1592702905683
0.0,0.0,10.209,23.6,1592702905776
0.0,0.0,10.219,23.6,1592702905823
0.0,0.0,10.219,23.6,1592702905898
0.0,0.0,10.219,23.6,1592702905965
0.0,0.0,10.219,23.6,1592702906040
0.0,0.0,10.219,23.6,1592702906104
0.0,0.0,10.219,23.6,1592702906179
0.0,0.0,10.219,23.6,1592702906249
0.0,0.0,10.219,23.6,1592702906313
0.0,0.0,10.219,23.6,1592702906383
0.0,0.0,10.219,23.6,1592702906453
0.0,0.0,10.219,23.6,1592702906523
0.0,0.0,10.219,23.6,1592702906662
0.0,0.0,10.219,23.6,1592702906733
0.0,0.0,10.219,23.6,1592702906814
0.0,0.0,10.219,23.6,1592702906874
0.0,0.0,10.219,23.6,1592702906942
0.0,0.0,10.219,23.6,1592702907013
0.0,0.0,10.219,23.6,1592702907083
0.0,0.0,10.219,23.6,1592702907158
0.0,0.0,10.219,23.6,1592702907326
0.0,0.0,10.219,23.6,1592702907329
0.0,0.0,10.219,23.6,1592702907377
0.0,0.0,10.219,23.6,1592702907433
0.0,0.0,10.219,23.6,1592702907503
0.0,0.0,10.219,23.6,1592702907574
0.0,0.0,10.219,23.6,1592702907658
0.0,0.0,10.219,23.6,1592702907712
0.0,0.0,10.219,23.6,1592702907782
0.0,0.0,10.209,23.6,1592702907852
0.0,0.0,10.209,23.6,1592702907992
0.0,0.0,10.209,23.6,1592702908071
0.0,0.0,10.209,23.6,1592702908133
0.0,0.0,10.209,23.6,1592702908202
0.0,0.0,10.209,23.6,1592702908273
0.0,0.0,10.209,23.6,1592702908349
0.0,0.0,10.209,23.6,1592702908417
0.0,0.0,10.209,23.6,1592702908500
0.0,0.0,10.209,23.6,1592702908553
0.0,0.0,10.209,23.6,1592702908623
0.0,0.0,10.209,23.6,1592702908693
0.0,0.0,10.209,23.6,1592702908764
0.0,0.0,10.209,23.6,1592702908903
0.0,0.0,10.209,23.6,1592702908974
0.0,0.0,10.209,23.6,1592702909581
0.0,0.0,10.209,23.6,1592702909626
0.0,0.0,10.209,23.6,1592702909633
0.0,0.0,10.209,23.6,1592702909646
0.0,0.0,10.219,23.6,1592702909650
0.0,0.0,10.219,23.6,1592702909655
0.0,0.0,10.219,23.6,1592702909661
0.0,0.0,10.219,23.6,1592702909706
0.0,0.0,10.219,23.6,1592702909715
0.0,0.0,10.219,23.6,1592702909743
0.0,0.0,10.23,23.6,1592702909814
0.0,0.0,10.23,23.6,1592702909885
0.0,0.0,10.219,23.6,1592702909955
0.0,0.0,10.219,23.6,1592702910030
0.0,0.0,10.219,23.6,1592702910094
0.0,0.0,10.219,23.6,1592702910164
0.0,0.0,10.219,23.6,1592702910304
0.0,0.0,10.219,23.6,1592702910375
0.0,0.0,10.219,23.6,1592702910501
0.0,0.0,10.219,23.6,1592702910514
0.0,0.0,10.219,23.6,1592702910587
0.0,0.0,10.219,23.6,1592702910653
0.0,0.0,10.219,23.6,1592702910733
0.0,0.0,10.219,23.6,1592702910794
0.0,0.0,10.219,23.6,1592702910869
0.0,0.0,10.209,23.6,1592702910938
0.0,0.0,10.209,23.6,1592702911005
0.0,0.0,10.209,23.6,1592702911073
0.0,0.0,10.219,23.6,1592702911143
0.0,0.0,10.219,23.6,1592702911215
0.0,0.0,10.219,23.6,1592702911287
0.0,0.0,10.219,23.6,1592702911354
0.0,0.0,10.219,23.6,1592702911494
0.0,0.0,10.23,23.6,1592702911591
0.0,0.0,10.23,23.6,1592702911632
0.0,0.0,10.23,23.6,1592702911702
0.0,0.0,10.23,23.6,1592702911773
0.0,0.0,10.23,23.6,1592702911843
0.0,0.0,10.23,23.6,1592702911912
0.0,0.0,10.23,23.6,1592702911982
0.0,0.0,10.23,23.6,1592702912063
0.0,0.0,10.219,23.6,1592702912148
0.0,0.0,10.219,23.6,1592702912193
0.0,0.0,10.219,23.6,1592702912333
0.0,0.0,10.23,23.6,1592702912403
0.0,0.0,10.23,23.6,1592702912485
0.0,0.0,10.23,23.6,1592702912548
0.0,0.0,10.23,23.6,1592702912612
0.0,0.0,10.23,23.6,1592702912682
0.0,0.0,10.23,23.6,1592702912858
0.0,0.0,10.24,23.6,1592702912862
0.0,0.0,10.24,23.6,1592702912896
0.0,0.0,10.24,23.6,1592702912962
0.0,0.0,10.24,23.6,1592702913038
0.0,0.0,10.24,23.6,1592702913104
0.0,0.0,10.23,23.6,1592702913187
0.0,0.0,10.23,23.6,1592702913244
0.0,0.0,10.23,23.6,1592702913315
0.0,0.0,10.24,23.6,1592702913383
0.0,0.0,10.24,23.6,1592702913453
0.0,0.0,10.24,23.6,1592702913525
0.0,0.0,10.25,23.6,1592702913593
0.0,0.0,10.25,23.6,1592702913699
0.0,0.0,10.25,23.6,1592702913734
0.0,0.0,10.25,23.6,1592702913811
0.0,0.0,10.24,23.6,1592702913880
0.0,0.0,10.24,23.6,1592702913946
0.0,0.0,10.25,23.6,1592702914013
0.0,0.0,10.24,23.6,1592702914153
0.0,0.0,10.24,23.6,1592702914226
0.0,0.0,10.25,23.6,1592702914808
0.0,0.0,10.25,23.6,1592702914836
0.0,0.0,10.25,23.6,1592702914847
0.0,0.0,10.25,23.6,1592702914859
0.0,0.0,10.25,23.6,1592702914879
0.0,0.0,10.24,23.6,1592702914922
0.0,0.0,10.24,23.6,1592702914931
0.0,0.0,10.24,23.6,1592702914941
0.0,0.0,10.24,23.6,1592702914947
0.0,0.0,10.24,23.6,1592702914994
0.0,0.0,10.24,23.6,1592702915066
0.0,0.0,10.24,23.6,1592702915134
0.0,0.0,10.24,23.6,1592702915203
0.0,0.0,10.24,23.6,1592702915343
0.0,0.0,10.24,23.6,1592702915521
0.0,0.0,10.24,23.6,1592702915526
0.0,0.0,10.25,23.6,1592702915559
0.0,0.0,10.25,23.6,1592702915626
0.0,0.0,10.25,23.6,1592702915694
0.0,0.0,10.25,23.6,1592702915786
0.0,0.0,10.25,23.6,1592702915833
0.0,0.0,10.25,23.6,1592702915974
0.0,0.0,10.25,23.6,1592702916065
0.0,0.0,10.25,23.6,1592702916114
0.0,0.0,10.24,23.6,1592702916186
0.0,0.0,10.24,23.6,1592702916323
0.0,0.0,10.24,23.6,1592702916393
0.0,0.0,10.24,23.6,1592702916463
0.0,0.0,10.24,23.6,1592702916603
0.0,0.0,10.24,23.6,1592702916679
0.0,0.0,10.24,23.6,1592702916762
0.0,0.0,10.24,23.6,1592702916813
0.0,0.0,10.24,23.6,1592702917003
0.0,0.0,10.24,23.6,1592702917007
0.0,0.0,10.24,23.6,1592702917039
0.0,0.0,10.24,23.6,1592702917093
0.0,0.0,10.24,23.6,1592702917305
0.0,0.0,10.24,23.6,1592702917350
0.0,0.0,10.24,23.6,1592702917357
0.0,0.0,10.24,23.6,1592702917413
0.0,0.0,10.24,23.6,1592702917599
0.0,0.0,10.24,23.6,1592702917607
0.0,0.0,10.24,23.6,1592702917617
0.0,0.0,10.24,23.6,1592702917666
0.0,0.0,10.24,23.6,1592702917900
0.0,0.0,10.24,23.6,1592702917908
0.0,0.0,10.24,23.6,1592702917928
0.0,0.0,10.23,23.6,1592702917980
0.0,0.0,10.23,23.6,1592702918006
0.0,0.0,10.23,23.6,1592702918193
0.0,0.0,10.23,23.6,1592702918198
0.0,0.0,10.23,23.6,1592702918214
0.0,0.0,10.23,23.6,1592702918487
0.0,0.0,10.23,23.6,1592702918530
0.0,0.0,10.23,23.6,1592702918541
0.0,0.0,10.23,23.6,1592702918563
0.0,0.0,10.24,23.6,1592702918788
0.0,0.0,10.24,23.6,1592702918796
0.0,0.0,10.24,23.6,1592702918804
0.0,0.0,10.24,23.6,1592702918870
0.0,0.0,10.23,23.6,1592702919093
0.0,0.0,10.23,23.6,1592702919097
0.0,0.0,10.23,23.6,1592702919108
0.0,0.0,10.23,23.6,1592702919126
0.0,0.0,10.23,23.6,1592702919767
0.0,0.0,10.23,23.6,1592702919781
0.0,0.0,10.23,23.6,1592702919790
0.0,0.0,10.23,23.6,1592702919799
0.0,0.0,10.23,23.6,1592702919810
0.0,0.0,10.23,23.6,1592702919825
0.0,0.0,10.219,23.6,1592702919838
0.0,0.0,10.219,23.6,1592702919843
0.0,0.0,10.219,23.6,1592702920039
0.0,0.0,10.219,23.6,1592702920051
0.0,0.0,10.219,23.6,1592702920062
0.0,0.0,10.209,23.6,1592702920081
0.0,0.0,10.209,23.6,1592702920104
0.0,0.0,10.209,23.6,1592702920173
0.0,0.0,10.209,23.6,1592702920312
0.0,0.0,10.209,23.6,1592702920384
0.0,0.0,10.209,23.6,1592702920466
0.0,0.0,10.209,23.6,1592702920734
0.0,0.0,10.209,23.6,1592702920803
35.16468048095703,139.61741638183594,10.209,23.6,1592702920820
0.0,0.0,10.219,23.6,1592702920875
0.0,0.0,10.219,23.6,1592702920943
0.0,0.0,10.219,23.6,1592702921083
0.0,0.0,10.219,23.6,1592702921162
0.0,0.0,10.219,23.6,1592702921224
0.0,0.0,10.219,23.6,1592702921293
0.0,0.0,10.219,23.6,1592702921365
0.0,0.0,10.219,23.6,1592702921434
0.0,0.0,10.219,23.6,1592702921517
0.0,0.0,10.219,23.6,1592702921592
0.0,0.0,10.219,23.6,1592702921643
0.0,0.0,10.219,23.6,1592702921714
0.0,0.0,10.219,23.6,1592702921793
0.0,0.0,10.219,23.6,1592702921854
0.0,0.0,10.219,23.6,1592702921966
0.0,0.0,10.219,23.6,1592702922020
0.0,0.0,10.219,23.6,1592702922070
0.0,0.0,10.219,23.6,1592702922176
0.0,0.0,10.219,23.6,1592702922226
0.0,0.0,10.219,23.6,1592702922274
0.0,0.0,10.219,23.6,1592702922352
0.0,0.0,10.219,23.6,1592702922414
0.0,0.0,10.219,23.6,1592702922484
0.0,0.0,10.23,23.6,1592702922554
0.0,0.0,10.23,23.6,1592702922623
0.0,0.0,10.23,23.6,1592702922700
0.0,0.0,10.23,23.6,1592702922764
0.0,0.0,10.23,23.6,1592702922865
0.0,0.0,10.24,23.6,1592702922903
0.0,0.0,10.24,23.6,1592702923002
0.0,0.0,10.23,23.6,1592702923114
35.1646842956543,139.617431640625,10.23,23.6,1592702923132
0.0,0.0,10.23,23.6,1592702923183
0.0,0.0,10.23,23.6,1592702923254
0.0,0.0,10.23,23.6,1592702923323
0.0,0.0,10.23,23.6,1592702923394
0.0,0.0,10.219,23.6,1592702923464
0.0,0.0,10.219,23.6,1592702923534
0.0,0.0,10.219,23.6,1592702923621
0.0,0.0,10.219,23.6,1592702923673
0.0,0.0,10.219,23.6,1592702923742
0.0,0.0,10.219,23.6,1592702923814
0.0,0.0,10.219,23.6,1592702923883
0.0,0.0,10.219,23.6,1592702923954
0.0,0.0,10.219,23.6,1592702924022
0.0,0.0,10.219,23.6,1592702924094
0.0,0.0,10.219,23.6,1592702924169
0.0,0.0,10.219,23.6,1592702924236
0.0,0.0,10.219,23.6,1592702924328
0.0,0.0,10.219,23.6,1592702924372
0.0,0.0,10.219,23.6,1592702924444
0.0,0.0,10.219,23.6,1592702924513
0.0,0.0,10.219,23.6,1592702924582
0.0,0.0,10.219,23.6,1592702925157
0.0,0.0,10.219,23.6,1592702925174
0.0,0.0,10.219,23.6,1592702925189
0.0,0.0,10.219,23.6,1592702925201
0.0,0.0,10.219,23.6,1592702925206
0.0,0.0,10.209,23.6,1592702925213
0.0,0.0,10.209,23.6,1592702925218
0.0,0.0,10.209,23.6,1592702925222
0.0,0.0,10.209,23.6,1592702925283
0.0,0.0,10.209,23.6,1592702925354
35.16469192504883,139.617431640625,10.209,23.6,1592702925358
0.0,0.0,10.209,23.6,1592702925493
0.0,0.0,10.209,23.6,1592702925576
0.0,0.0,10.209,23.6,1592702925637
0.0,0.0,10.209,23.6,1592702925779
0.0,0.0,10.209,23.6,1592702925912
0.0,0.0,10.209,23.6,1592702925982
0.0,0.0,10.209,23.6,1592702926056
0.0,0.0,10.209,23.6,1592702926193
0.0,0.0,10.209,23.6,1592702926263
0.0,0.0,10.209,23.6,1592702926333
0.0,0.0,10.209,23.6,1592702926404
0.0,0.0,10.209,23.6,1592702926487
0.0,0.0,10.209,23.6,1592702926545
0.0,0.0,10.209,23.6,1592702926613
0.0,0.0,10.209,23.6,1592702926684
0.0,0.0,10.209,23.6,1592702926753
0.0,0.0,10.219,23.6,1592702926825
0.0,0.0,10.219,23.6,1592702926895
0.0,0.0,10.219,23.6,1592702926963
0.0,0.0,10.219,23.6,1592702927033
0.0,0.0,10.219,23.6,1592702927102
0.0,0.0,10.219,23.6,1592702927185
0.0,0.0,10.219,23.6,1592702927248
0.0,0.0,10.219,23.6,1592702927313
0.0,0.0,10.219,23.6,1592702927396
0.0,0.0,10.219,23.6,1592702927453
0.0,0.0,10.219,23.6,1592702927543
0.0,0.0,10.219,23.6,1592702927593
0.0,0.0,10.219,23.6,1592702927662
35.164703369140625,139.61744689941406,10.219,23.6,1592702927674
0.0,0.0,10.219,23.6,1592702927735
0.0,0.0,10.219,23.6,1592702927806
0.0,0.0,10.219,23.6,1592702927873
0.0,0.0,10.219,23.6,1592702928113
0.0,0.0,10.219,23.6,1592702928117
0.0,0.0,10.219,23.6,1592702928222
0.0,0.0,10.219,23.6,1592702928293
0.0,0.0,10.219,23.6,1592702928363
0.0,0.0,10.219,23.6,1592702928445
0.0,0.0,10.219,23.6,1592702928572
0.0,0.0,10.219,23.6,1592702928714
0.0,0.0,10.219,23.6,1592702928783
35.16471481323242,139.617431640625,10.219,23.6,1592702928790
0.0,0.0,10.219,23.6,1592702928853
0.0,0.0,10.219,23.6,1592702928923
0.0,0.0,10.219,23.6,1592702928997
0.0,0.0,10.219,23.6,1592702929063
0.0,0.0,10.23,23.6,1592702929161
0.0,0.0,10.23,23.6,1592702929203
0.0,0.0,10.23,23.6,1592702929285
0.0,0.0,10.24,23.6,1592702929348
0.0,0.0,10.24,23.6,1592702929419
0.0,0.0,10.24,23.6,1592702929483
0.0,0.0,10.24,23.6,1592702929564
0.0,0.0,10.24,23.6,1592702929628
0.0,0.0,10.24,23.6,1592702930153
0.0,0.0,10.24,23.6,1592702930203
0.0,0.0,10.24,23.6,1592702930209
0.0,0.0,10.25,23.6,1592702930217
0.0,0.0,10.25,23.6,1592702930227
0.0,0.0,10.25,23.6,1592702930245
0.0,0.0,10.25,23.6,1592702930261
0.0,0.0,10.25,23.6,1592702930266
0.0,0.0,10.261,23.6,1592702930271
0.0,0.0,10.261,23.6,1592702930324
0.0,0.0,10.25,23.6,1592702930412
0.0,0.0,10.25,23.6,1592702930469
0.0,0.0,10.25,23.6,1592702930555
0.0,0.0,10.25,23.6,1592702930630
0.0,0.0,10.25,23.6,1592702930674
0.0,0.0,10.25,23.6,1592702930746
0.0,0.0,10.25,23.6,1592702930844
0.0,0.0,10.25,23.6,1592702930885
0.0,0.0,10.25,23.6,1592702930985
0.0,0.0,10.261,23.6,1592702931025
0.0,0.0,10.261,23.6,1592702931098
0.0,0.0,10.261,23.6,1592702931165
0.0,0.0,10.261,23.6,1592702931344
35.16472244262695,139.61741638183594,10.261,23.6,1592702931361
0.0,0.0,10.261,23.6,1592702931398
0.0,0.0,10.261,23.6,1592702931449
0.0,0.0,10.261,23.6,1592702931514
0.0,0.0,10.25,23.6,1592702931593
0.0,0.0,10.25,23.6,1592702931654
0.0,0.0,10.25,23.6,1592702931726
0.0,0.0,10.25,23.6,1592702931938
0.0,0.0,10.25,23.6,1592702932107
0.0,0.0,10.25,23.6,1592702932148
0.0,0.0,10.25,23.6,1592702932284
0.0,0.0,10.25,23.6,1592702932354
0.0,0.0,10.25,23.6,1592702932432
0.0,0.0,10.261,23.6,1592702932500
0.0,0.0,10.261,23.6,1592702932563
0.0,0.0,10.261,23.6,1592702932707
0.0,0.0,10.261,23.6,1592702932775
0.0,0.0,10.271,23.6,1592702932914
0.0,0.0,10.282,23.6,1592702933000
0.0,0.0,10.282,23.6,1592702933054
0.0,0.0,10.292,23.6,1592702933169
0.0,0.0,10.292,23.6,1592702933195
0.0,0.0,10.292,23.6,1592702933442
0.0,0.0,10.292,23.6,1592702933453
0.0,0.0,10.292,23.6,1592702933475
35.164730072021484,139.61740112304688,10.292,23.6,1592702933562
0.0,0.0,10.292,23.6,1592702933602
0.0,0.0,10.292,23.6,1592702933624
0.0,0.0,10.292,23.6,1592702933684
0.0,0.0,10.292,23.6,1592702933754
0.0,0.0,10.292,23.6,1592702933853
0.0,0.0,10.292,23.6,1592702933894
0.0,0.0,10.292,23.6,1592702933975
0.0,0.0,10.292,23.6,1592702934042
0.0,0.0,10.292,23.6,1592702934105
0.0,0.0,10.302,23.6,1592702934314
0.0,0.0,10.313,23.6,1592702934390
0.0,0.0,10.323,23.6,1592702934523
0.0,0.0,10.323,23.6,1592702934593
0.0,0.0,10.323,23.6,1592702935188
0.0,0.0,10.323,23.6,1592702935196
0.0,0.0,10.323,23.6,1592702935204
0.0,0.0,10.334,23.6,1592702935211
35.164730072021484,139.6173858642578,10.334,23.6,1592702935226
0.0,0.0,10.334,23.6,1592702935256
0.0,0.0,10.344,23.6,1592702935260
0.0,0.0,10.344,23.6,1592702935264
0.0,0.0,10.354,23.6,1592702935270
0.0,0.0,10.354,23.6,1592702935273
0.0,0.0,10.354,23.6,1592702935296
0.0,0.0,10.354,23.6,1592702935364
0.0,0.0,10.344,23.6,1592702935447
0.0,0.0,10.344,23.6,1592702935504
0.0,0.0,10.344,23.6,1592702935598
0.0,0.0,10.344,23.6,1592702935651
0.0,0.0,10.344,23.6,1592702935719
0.0,0.0,10.354,23.6,1592702935785
0.0,0.0,10.354,23.6,1592702935865
0.0,0.0,10.354,23.6,1592702935924
0.0,0.0,10.365,23.6,1592702935996
0.0,0.0,10.365,23.6,1592702936069
0.0,0.0,10.365,23.6,1592702936134
0.0,0.0,10.375,23.6,1592702936203
0.0,0.0,10.375,23.6,1592702936274
0.0,0.0,10.375,23.6,1592702936347
0.0,0.0,10.386,23.6,1592702936416
0.0,0.0,10.386,23.6,1592702936485
0.0,0.0,10.396,23.6,1592702936554
0.0,0.0,10.386,23.6,1592702936630
0.0,0.0,10.375,23.6,1592702936694
0.0,0.0,10.375,23.6,1592702936765
0.0,0.0,10.375,23.6,1592702936835
0.0,0.0,10.375,23.6,1592702937022
0.0,0.0,10.375,23.6,1592702937025
0.0,0.0,10.375,23.6,1592702937046
0.0,0.0,10.375,23.6,1592702937311
0.0,0.0,10.375,23.6,1592702937314
0.0,0.0,10.375,23.6,1592702937326
0.0,0.0,10.375,23.6,1592702937397
35.16473388671875,139.61737060546875,10.375,23.6,1592702937402
0.0,0.0,10.375,23.6,1592702937612
0.0,0.0,10.375,23.6,1592702937617
0.0,0.0,10.375,23.6,1592702937675
0.0,0.0,10.375,23.6,1592702937909
0.0,0.0,10.375,23.6,1592702937918
0.0,0.0,10.375,23.6,1592702937940
0.0,0.0,10.375,23.6,1592702937953
0.0,0.0,10.375,23.6,1592702938023
0.0,0.0,10.375,23.6,1592702938215
0.0,0.0,10.375,23.6,1592702938219
0.0,0.0,10.375,23.6,1592702938237
0.0,0.0,10.386,23.6,1592702938304
0.0,0.0,10.386,23.6,1592702938504
0.0,0.0,10.386,23.6,1592702938508
0.0,0.0,10.386,23.6,1592702938516
0.0,0.0,10.386,23.6,1592702938586
35.16473388671875,139.61734008789062,10.386,23.6,1592702938590
0.0,0.0,10.386,23.6,1592702938812
0.0,0.0,10.386,23.6,1592702938822
0.0,0.0,10.386,23.6,1592702938830
0.0,0.0,10.396,23.6,1592702939126
0.0,0.0,10.396,23.6,1592702939132
0.0,0.0,10.396,23.6,1592702939146
0.0,0.0,10.396,23.6,1592702939214
0.0,0.0,10.396,23.6,1592702939423
0.0,0.0,10.396,23.6,1592702939434
0.0,0.0,10.396,23.6,1592702939440
0.0,0.0,10.396,23.6,1592702939501
0.0,0.0,10.396,23.6,1592702939726
0.0,0.0,10.396,23.6,1592702939734
0.0,0.0,10.396,23.6,1592702939761
0.0,0.0,10.396,23.6,1592702939787
0.0,0.0,10.396,23.6,1592702940373
0.0,0.0,10.396,23.6,1592702940444
0.0,0.0,10.386,23.6,1592702940455
0.0,0.0,10.386,23.6,1592702940461
0.0,0.0,10.386,23.6,1592702940465
0.0,0.0,10.375,23.6,1592702940478
0.0,0.0,10.375,23.6,1592702940493
0.0,0.0,10.375,23.6,1592702940499
0.0,0.0,10.365,23.6,1592702940503
0.0,0.0,10.375,23.6,1592702940549
0.0,0.0,10.375,23.6,1592702940622
0.0,0.0,10.375,23.6,1592702940690
0.0,0.0,10.375,23.6,1592702940782
0.0,0.0,10.375,23.6,1592702940826
0.0,0.0,10.375,23.6,1592702940912
0.0,0.0,10.375,23.6,1592702941121
0.0,0.0,10.386,23.6,1592702941128
0.0,0.0,10.386,23.6,1592702941175
0.0,0.0,10.386,23.6,1592702941246
0.0,0.0,10.386,23.6,1592702941315
0.0,0.0,10.386,23.6,1592702941387
0.0,0.0,10.375,23.6,1592702941473
35.164730072021484,139.6173095703125,10.375,23.6,1592702941480
0.0,0.0,10.375,23.6,1592702941632
0.0,0.0,10.375,23.6,1592702941638
0.0,0.0,10.375,23.6,1592702941669
0.0,0.0,10.375,23.6,1592702941735
0.0,0.0,10.375,23.6,1592702941846
0.0,0.0,10.375,23.6,1592702941876
0.0,0.0,10.375,23.6,1592702941946
0.0,0.0,10.386,23.6,1592702942018
0.0,0.0,10.375,23.6,1592702942086
0.0,0.0,10.386,23.6,1592702942165
0.0,0.0,10.386,23.6,1592702942349
0.0,0.0,10.386,23.6,1592702942366
0.0,0.0,10.396,23.6,1592702942436
0.0,0.0,10.396,23.6,1592702942506
0.0,0.0,10.396,23.6,1592702942593
35.164730072021484,139.61729431152344,10.396,23.6,1592702942604
0.0,0.0,10.407,23.6,1592702942715
0.0,0.0,10.417,23.6,1592702942785
0.0,0.0,10.417,23.6,1592702942865
0.0,0.0,10.427,23.6,1592702942925
0.0,0.0,10.427,23.6,1592702943024
0.0,0.0,10.427,23.6,1592702943069
0.0,0.0,10.427,23.6,1592702943167
0.0,0.0,10.427,23.6,1592702943205
0.0,0.0,10.427,23.6,1592702943283
0.0,0.0,10.427,23.6,1592702943346
0.0,0.0,10.427,23.6,1592702943419
0.0,0.0,10.427,23.6,1592702943485
0.0,0.0,10.438,23.6,1592702943624
0.0,0.0,10.438,23.6,1592702943695
0.0,0.0,10.438,23.6,1592702943765
0.0,0.0,10.438,23.6,1592702943835
0.0,0.0,10.438,23.6,1592702943907
0.0,0.0,10.438,23.6,1592702943988
0.0,0.0,10.438,23.6,1592702944044
0.0,0.0,10.438,23.6,1592702944115
0.0,0.0,10.448,23.6,1592702944184
0.0,0.0,10.438,23.6,1592702944269
0.0,0.0,10.438,23.6,1592702944325
0.0,0.0,10.448,23.6,1592702944498
0.0,0.0,10.448,23.6,1592702944501
0.0,0.0,10.459,23.6,1592702944551
0.0,0.0,10.459,23.6,1592702944604
0.0,0.0,10.459,23.6,1592702944674
0.0,0.0,10.459,23.6,1592702944758
0.0,0.0,10.459,23.6,1592702944814
0.0,0.0,10.469,23.6,1592702945378
0.0,0.0,10.469,23.6,1592702945388
35.164730072021484,139.6172637939453,10.469,23.6,1592702945395
0.0,0.0,10.469,23.6,1592702945439
0.0,0.0,10.459,23.6,1592702945445
0.0,0.0,10.469,23.6,1592702945450
0.0,0.0,10.469,23.6,1592702945457
0.0,0.0,10.469,23.6,1592702945461
0.0,0.0,10.469,23.6,1592702945465
0.0,0.0,10.469,23.6,1592702945488
0.0,0.0,10.479,23.6,1592702945515
0.0,0.0,10.479,23.6,1592702945586
0.0,0.0,10.479,23.6,1592702945655
0.0,0.0,10.479,23.6,1592702945727
0.0,0.0,10.479,23.6,1592702945795
0.0,0.0,10.479,23.6,1592702945865
0.0,0.0,10.479,23.6,1592702945941
0.0,0.0,10.479,23.6,1592702946015
0.0,0.0,10.49,23.6,1592702946145
0.0,0.0,10.49,23.6,1592702946240
0.0,0.0,10.49,23.6,1592702946285
0.0,0.0,10.49,23.6,1592702946361
0.0,0.0,10.49,23.6,1592702946426
0.0,0.0,10.49,23.6,1592702946499
0.0,0.0,10.5,23.6,1592702946636
0.0,0.0,10.5,23.6,1592702946705
0.0,0.0,10.5,23.6,1592702946790
0.0,0.0,10.5,23.6,1592702946845
0.0,0.0,10.5,23.6,1592702946931
0.0,0.0,10.5,23.6,1592702946986
0.0,0.0,10.511,23.6,1592702947161
0.0,0.0,10.511,23.6,1592702947199
0.0,0.0,10.511,23.6,1592702947265
0.0,0.0,10.511,23.6,1592702947338
0.0,0.0,10.521,23.6,1592702947406
0.0,0.0,10.521,23.6,1592702947475
0.0,0.0,10.521,23.6,1592702947547
0.0,0.0,10.531,23.6,1592702947614
0.0,0.0,10.531,23.6,1592702947684
35.164730072021484,139.6172332763672,10.531,23.6,1592702947688
0.0,0.0,10.531,23.6,1592702947754
0.0,0.0,10.531,23.6,1592702947825
0.0,0.0,10.531,23.6,1592702947895
0.0,0.0,10.542,23.6,1592702947964
0.0,0.0,10.531,23.6,1592702948034
0.0,0.0,10.531,23.6,1592702948114
0.0,0.0,10.542,23.6,1592702948174
0.0,0.0,10.542,23.6,1592702948244
0.0,0.0,10.542,23.6,1592702948315
0.0,0.0,10.552,23.6,1592702948393
0.0,0.0,10.552,23.6,1592702948459
0.0,0.0,10.542,23.6,1592702948525
0.0,0.0,10.542,23.6,1592702948594
0.0,0.0,10.542,23.6,1592702948666
0.0,0.0,10.542,23.6,1592702948745
0.0,0.0,10.542,23.6,1592702948805
35.164730072021484,139.61720275878906,10.542,23.6,1592702948815
0.0,0.0,10.542,23.6,1592702948874
0.0,0.0,10.542,23.6,1592702948944
0.0,0.0,10.542,23.6,1592702949014
0.0,0.0,10.542,23.6,1592702949085
0.0,0.0,10.542,23.6,1592702949155
0.0,0.0,10.542,23.6,1592702949225
0.0,0.0,10.552,23.6,1592702949294
0.0,0.0,10.542,23.6,1592702949434
0.0,0.0,10.542,23.6,1592702949504
0.0,0.0,10.542,23.6,1592702949581
0.0,0.0,10.542,23.6,1592702949646
0.0,0.0,10.542,23.6,1592702949714
0.0,0.0,10.542,23.6,1592702949784
0.0,0.0,10.542,23.6,1592702949856
0.0,0.0,10.542,23.6,1592702949932
0.0,0.0,10.542,23.6,1592702949995
0.0,0.0,10.542,23.6,1592702950065
0.0,0.0,10.542,23.6,1592702950135
0.0,0.0,10.542,23.6,1592702950208
0.0,0.0,10.542,23.6,1592702950749
0.0,0.0,10.552,23.6,1592702950760
0.0,0.0,10.552,23.6,1592702950776
0.0,0.0,10.542,23.6,1592702950791
0.0,0.0,10.542,23.6,1592702950798
0.0,0.0,10.542,23.6,1592702950805
0.0,0.0,10.531,23.6,1592702950828
0.0,0.0,10.531,23.6,1592702950836
0.0,0.0,10.531,23.6,1592702950848
0.0,0.0,10.531,23.6,1592702950905
0.0,0.0,10.542,23.6,1592702951046
35.164730072021484,139.6171875,10.542,23.6,1592702951057
0.0,0.0,10.542,23.6,1592702951116
0.0,0.0,10.552,23.6,1592702951263
0.0,0.0,10.552,23.6,1592702951330
0.0,0.0,10.552,23.6,1592702951469
0.0,0.0,10.552,23.6,1592702951475
0.0,0.0,10.552,23.6,1592702951535
0.0,0.0,10.552,23.6,1592702951679
0.0,0.0,10.552,23.6,1592702951755
0.0,0.0,10.563,23.6,1592702951817
0.0,0.0,10.563,23.6,1592702951886
0.0,0.0,10.563,23.6,1592702952042
0.0,0.0,10.563,23.6,1592702952104
0.0,0.0,10.563,23.6,1592702952166
0.0,0.0,10.563,23.6,1592702952234
0.0,0.0,10.563,23.6,1592702952306
0.0,0.0,10.563,23.6,1592702952385
0.0,0.0,10.563,23.6,1592702952514
0.0,0.0,10.563,23.6,1592702952585
0.0,0.0,10.563,23.6,1592702952670
0.0,0.0,10.563,23.6,1592702952726
0.0,0.0,10.563,23.6,1592702952794
0.0,0.0,10.563,23.6,1592702952864
0.0,0.0,10.563,23.6,1592702952935
0.0,0.0,10.573,23.6,1592702953005
0.0,0.0,10.573,23.6,1592702953078
0.0,0.0,10.573,23.6,1592702953145
0.0,0.0,10.583,23.6,1592702953219
0.0,0.0,10.583,23.6,1592702953354
35.16472625732422,139.61715698242188,10.583,23.6,1592702953358
0.0,0.0,10.583,23.6,1592702953425
0.0,0.0,10.594,23.6,1592702953511
0.0,0.0,10.594,23.6,1592702953569
0.0,0.0,10.594,23.6,1592702953635
0.0,0.0,10.594,23.6,1592702953705
0.0,0.0,10.594,23.6,1592702953918
0.0,0.0,10.604,23.6,1592702953985
0.0,0.0,10.604,23.6,1592702954057
0.0,0.0,10.604,23.6,1592702954125
0.0,0.0,10.604,23.6,1592702954204
0.0,0.0,10.615,23.6,1592702954264
0.0,0.0,10.615,23.6,1592702954347
0.0,0.0,10.604,23.6,1592702954413
0.0,0.0,10.604,23.6,1592702954477
0.0,0.0,10.604,23.6,1592702954551
0.0,0.0,10.604,23.6,1592702954700
0.0,0.0,10.604,23.6,1592702954755
0.0,0.0,10.604,23.6,1592702954842
0.0,0.0,10.604,23.6,1592702954895
0.0,0.0,10.615,23.6,1592702954967
0.0,0.0,10.615,23.6,1592702955049
0.0,0.0,10.615,23.6,1592702955105
0.0,0.0,10.615,23.6,1592702955181
35.16472244262695,139.61712646484375,10.615,23.6,1592702955576
0.0,0.0,10.615,23.6,1592702955773
0.0,0.0,10.615,23.6,1592702955793
0.0,0.0,10.604,23.6,1592702955801
0.0,0.0,10.604,23.6,1592702955810
0.0,0.0,10.604,23.6,1592702955821
0.0,0.0,10.604,23.6,1592702955840
0.0,0.0,10.604,23.6,1592702955844
0.0,0.0,10.604,23.6,1592702955853
0.0,0.0,10.604,23.6,1592702955874
0.0,0.0,10.604,23.6,1592702955946
0.0,0.0,10.604,23.6,1592702956016
0.0,0.0,10.604,23.6,1592702956085
0.0,0.0,10.615,23.6,1592702956154
0.0,0.0,10.615,23.6,1592702956239
0.0,0.0,10.615,23.6,1592702956295
0.0,0.0,10.615,23.6,1592702956374
0.0,0.0,10.625,23.6,1592702956440
0.0,0.0,10.625,23.6,1592702956505
0.0,0.0,10.625,23.6,1592702956579
0.0,0.0,10.625,23.6,1592702956646
0.0,0.0,10.625,23.6,1592702956717
0.0,0.0,10.625,23.6,1592702956786
35.16472244262695,139.6171112060547,10.625,23.6,1592702956792
0.0,0.0,10.625,23.6,1592702956873
0.0,0.0,10.625,23.6,1592702957068
0.0,0.0,10.625,23.6,1592702957082
0.0,0.0,10.625,23.6,1592702957097
0.0,0.0,10.625,23.6,1592702957134
0.0,0.0,10.625,23.6,1592702957360
0.0,0.0,10.625,23.6,1592702957364
0.0,0.0,10.625,23.6,1592702957369
0.0,0.0,10.615,23.6,1592702957420
0.0,0.0,10.615,23.6,1592702957656
0.0,0.0,10.615,23.6,1592702957684
0.0,0.0,10.615,23.6,1592702957701
0.0,0.0,10.625,23.6,1592702957713
0.0,0.0,10.625,23.6,1592702957775
0.0,0.0,10.625,23.6,1592702957970
0.0,0.0,10.625,23.6,1592702957980
0.0,0.0,10.635,23.6,1592702957992
0.0,0.0,10.635,23.6,1592702958045
0.0,0.0,10.635,23.6,1592702958248
0.0,0.0,10.635,23.6,1592702958252
0.0,0.0,10.625,23.6,1592702958256
0.0,0.0,10.625,23.6,1592702958325
0.0,0.0,10.625,23.6,1592702958543
0.0,0.0,10.625,23.6,1592702958568
0.0,0.0,10.625,23.6,1592702958580
0.0,0.0,10.625,23.6,1592702958614
0.0,0.0,10.625,23.6,1592702958843
0.0,0.0,10.625,23.6,1592702958851
0.0,0.0,10.625,23.6,1592702958858
0.0,0.0,10.625,23.6,1592702958889
0.0,0.0,10.635,23.6,1592702958956
0.0,0.0,10.625,23.6,1592702959149
0.0,0.0,10.625,23.6,1592702959156
35.16472244262695,139.61708068847656,10.625,23.6,1592702959163
0.0,0.0,10.625,23.6,1592702959204
0.0,0.0,10.625,23.6,1592702959237
0.0,0.0,10.625,23.6,1592702959451
0.0,0.0,10.635,23.6,1592702959460
0.0,0.0,10.635,23.6,1592702959466
0.0,0.0,10.635,23.6,1592702959555
0.0,0.0,10.635,23.6,1592702959759
0.0,0.0,10.635,23.6,1592702959771
0.0,0.0,10.646,23.6,1592702959801
0.0,0.0,10.646,23.6,1592702959819
0.0,0.0,10.646,23.6,1592702959867
0.0,0.0,10.646,23.6,1592702960065
0.0,0.0,10.646,23.6,1592702960093
0.0,0.0,10.646,23.6,1592702960099
0.0,0.0,10.646,23.6,1592702960216
0.0,0.0,10.646,23.6,1592702960785
0.0,0.0,10.646,23.6,1592702960795
0.0,0.0,10.646,23.6,1592702960814
0.0,0.0,10.646,23.6,1592702960821
0.0,0.0,10.646,23.6,1592702960828
0.0,0.0,10.646,23.6,1592702960839
0.0,0.0,10.646,23.6,1592702960846
0.0,0.0,10.656,23.6,1592702960852
0.0,0.0,10.656,23.6,1592702960863
0.0,0.0,10.656,23.6,1592702960922
0.0,0.0,10.656,23.6,1592702961066
0.0,0.0,10.656,23.6,1592702961126
0.0,0.0,10.656,23.6,1592702961198
0.0,0.0,10.656,23.6,1592702961266
0.0,0.0,10.656,23.6,1592702961345
0.0,0.0,10.667,23.6,1592702961486
0.0,0.0,10.667,23.6,1592702961548
0.0,0.0,10.667,23.6,1592702961616
0.0,0.0,10.667,23.6,1592702961686
0.0,0.0,10.667,23.6,1592702961762
0.0,0.0,10.667,23.6,1592702961827
35.164730072021484,139.61705017089844,10.667,23.6,1592702961838
0.0,0.0,10.667,23.6,1592702961910
0.0,0.0,10.667,23.6,1592702961966
0.0,0.0,10.667,23.6,1592702962035
0.0,0.0,10.667,23.6,1592702962106
0.0,0.0,10.667,23.6,1592702962178
0.0,0.0,10.667,23.6,1592702962245
0.0,0.0,10.677,23.6,1592702962386
0.0,0.0,10.667,23.6,1592702962530
0.0,0.0,10.667,23.6,1592702962595
0.0,0.0,10.667,23.6,1592702962668
0.0,0.0,10.667,23.6,1592702962742
0.0,0.0,10.667,23.6,1592702962806
0.0,0.0,10.667,23.6,1592702962899
0.0,0.0,10.667,23.6,1592702962946
35.16473388671875,139.61703491210938,10.667,23.6,1592702962951
0.0,0.0,10.667,23.6,1592702963016
0.0,0.0,10.667,23.6,1592702963086
0.0,0.0,10.667,23.6,1592702963155
0.0,0.0,10.667,23.6,1592702963238
0.0,0.0,10.656,23.6,1592702963295
0.0,0.0,10.656,23.6,1592702963372
0.0,0.0,10.667,23.6,1592702963435
0.0,0.0,10.667,23.6,1592702963506
0.0,0.0,10.667,23.6,1592702963576
0.0,0.0,10.656,23.6,1592702963645
0.0,0.0,10.656,23.6,1592702963719
0.0,0.0,10.667,23.6,1592702963789
0.0,0.0,10.667,23.6,1592702963863
0.0,0.0,10.667,23.6,1592702963926
0.0,0.0,10.667,23.6,1592702964007
0.0,0.0,10.667,23.6,1592702964067
0.0,0.0,10.677,23.6,1592702964137
0.0,0.0,10.677,23.6,1592702964205
0.0,0.0,10.677,23.6,1592702964276
0.0,0.0,10.677,23.6,1592702964346
0.0,0.0,10.677,23.6,1592702964420
0.0,0.0,10.677,23.6,1592702964485
0.0,0.0,10.667,23.6,1592702964555
0.0,0.0,10.667,23.6,1592702964630
0.0,0.0,10.667,23.6,1592702964701
0.0,0.0,10.656,23.6,1592702964770
0.0,0.0,10.656,23.6,1592702964835
0.0,0.0,10.656,23.6,1592702964905
0.0,0.0,10.656,23.6,1592702964979
0.0,0.0,10.667,23.6,1592702965055
0.0,0.0,10.667,23.6,1592702965121
0.0,0.0,10.667,23.6,1592702965187
35.16474151611328,139.61700439453125,10.667,23.6,1592702965192
0.0,0.0,10.667,23.6,1592702965288
0.0,0.0,10.677,23.6,1592702965330
0.0,0.0,10.677,23.6,1592702965397
0.0,0.0,10.677,23.6,1592702965979
0.0,0.0,10.677,23.6,1592702965987
0.0,0.0,10.667,23.6,1592702965994
0.0,0.0,10.667,23.6,1592702966013
0.0,0.0,10.667,23.6,1592702966027
0.0,0.0,10.656,23.6,1592702966036
0.0,0.0,10.656,23.6,1592702966055
0.0,0.0,10.656,23.6,1592702966066
0.0,0.0,10.656,23.6,1592702966072
0.0,0.0,10.656,23.6,1592702966096
0.0,0.0,10.656,23.6,1592702966166
0.0,0.0,10.656,23.6,1592702966237
0.0,0.0,10.656,23.6,1592702966312
0.0,0.0,10.656,23.6,1592702966411
0.0,0.0,10.656,23.6,1592702966446
0.0,0.0,10.656,23.6,1592702966516
0.0,0.0,10.656,23.6,1592702966587
0.0,0.0,10.656,23.6,1592702966663
0.0,0.0,10.656,23.6,1592702966726
0.0,0.0,10.667,23.6,1592702966802
0.0,0.0,10.667,23.6,1592702966867
0.0,0.0,10.667,23.6,1592702966944
0.0,0.0,10.667,23.6,1592702967007
0.0,0.0,10.667,23.6,1592702967086
0.0,0.0,10.667,23.6,1592702967146
0.0,0.0,10.667,23.6,1592702967217
0.0,0.0,10.667,23.6,1592702967286
0.0,0.0,10.667,23.6,1592702967357
0.0,0.0,10.667,23.6,1592702967497
35.16474914550781,139.6169891357422,10.667,23.6,1592702967509
0.0,0.0,10.656,23.6,1592702967573
0.0,0.0,10.656,23.6,1592702967638
0.0,0.0,10.656,23.6,1592702967705
0.0,0.0,10.656,23.6,1592702967775
0.0,0.0,10.656,23.6,1592702967947
0.0,0.0,10.667,23.6,1592702968056
0.0,0.0,10.667,23.6,1592702968126
0.0,0.0,10.667,23.6,1592702968195
0.0,0.0,10.667,23.6,1592702968273
0.0,0.0,10.677,23.6,1592702968337
0.0,0.0,10.677,23.6,1592702968405
0.0,0.0,10.677,23.6,1592702968475
0.0,0.0,10.677,23.6,1592702968549
0.0,0.0,10.677,23.6,1592702968615
35.164756774902344,139.61695861816406,10.677,23.6,1592702968617
0.0,0.0,10.667,23.6,1592702968685
0.0,0.0,10.667,23.6,1592702968763
0.0,0.0,10.667,23.6,1592702968832
0.0,0.0,10.667,23.6,1592702968895
0.0,0.0,10.667,23.6,1592702968965
0.0,0.0,10.656,23.6,1592702969281
0.0,0.0,10.656,23.6,1592702969286
0.0,0.0,10.656,23.6,1592702969317
0.0,0.0,10.667,23.6,1592702969389
0.0,0.0,10.667,23.6,1592702969457
0.0,0.0,10.667,23.6,1592702969530
0.0,0.0,10.667,23.6,1592702969597
0.0,0.0,10.677,23.6,1592702969670
0.0,0.0,10.677,23.6,1592702969737
0.0,0.0,10.677,23.6,1592702969808
0.0,0.0,10.677,23.6,1592702969882
0.0,0.0,10.677,23.6,1592702969947
0.0,0.0,10.677,23.6,1592702970024
0.0,0.0,10.677,23.6,1592702970089
0.0,0.0,10.677,23.6,1592702970157
0.0,0.0,10.677,23.6,1592702970226
0.0,0.0,10.677,23.6,1592702970305
0.0,0.0,10.677,23.6,1592702970368
0.0,0.0,10.677,23.6,1592702970437
0.0,0.0,10.677,23.6,1592702971031
35.164764404296875,139.61692810058594,10.677,23.6,1592702971046
0.0,0.0,10.677,23.6,1592702971102
0.0,0.0,10.687,23.6,1592702971108
0.0,0.0,10.687,23.6,1592702971114
0.0,0.0,10.698,23.6,1592702971123
0.0,0.0,10.698,23.6,1592702971130
0.0,0.0,10.698,23.6,1592702971133
0.0,0.0,10.698,23.6,1592702971156
0.0,0.0,10.698,23.6,1592702971166
0.0,0.0,10.708,23.6,1592702971207
0.0,0.0,10.708,23.6,1592702971277
0.0,0.0,10.719,23.6,1592702971349
0.0,0.0,10.719,23.6,1592702971418
0.0,0.0,10.719,23.6,1592702971488
0.0,0.0,10.729,23.6,1592702971558
0.0,0.0,10.729,23.6,1592702971628
0.0,0.0,10.729,23.6,1592702971699
0.0,0.0,10.729,23.6,1592702971785
0.0,0.0,10.729,23.6,1592702971907
0.0,0.0,10.719,23.6,1592702971921
0.0,0.0,10.719,23.6,1592702971976
0.0,0.0,10.719,23.6,1592702972046
0.0,0.0,10.719,23.6,1592702972129
0.0,0.0,10.719,23.6,1592702972187
0.0,0.0,10.719,23.6,1592702972256
0.0,0.0,10.729,23.6,1592702972327
0.0,0.0,10.729,23.6,1592702972414
0.0,0.0,10.729,23.6,1592702972468
0.0,0.0,10.729,23.6,1592702972537
0.0,0.0,10.729,23.6,1592702972607
0.0,0.0,10.729,23.6,1592702972687
0.0,0.0,10.729,23.6,1592702972747
0.0,0.0,10.74,23.6,1592702972817
0.0,0.0,10.74,23.6,1592702972886
0.0,0.0,10.729,23.6,1592702972967
0.0,0.0,10.729,23.6,1592702973027
0.0,0.0,10.729,23.6,1592702973099
0.0,0.0,10.729,23.6,1592702973166
0.0,0.0,10.729,23.6,1592702973236
35.16476821899414,139.61691284179688,10.729,23.6,1592702973244
0.0,0.0,10.719,23.6,1592702973311
0.0,0.0,10.729,23.6,1592702973378
0.0,0.0,10.719,23.6,1592702973446
0.0,0.0,10.719,23.6,1592702973535
0.0,0.0,10.719,23.6,1592702973587
0.0,0.0,10.719,23.6,1592702973657
0.0,0.0,10.708,23.6,1592702973782
0.0,0.0,10.719,23.6,1592702973796
0.0,0.0,10.708,23.6,1592702973875
0.0,0.0,10.708,23.6,1592702973937
0.0,0.0,10.719,23.6,1592702974006
0.0,0.0,10.719,23.6,1592702974077
0.0,0.0,10.729,23.6,1592702974150
0.0,0.0,10.729,23.6,1592702974236
0.0,0.0,10.729,23.6,1592702974287
0.0,0.0,10.729,23.6,1592702974497
0.0,0.0,10.729,23.6,1592702974566
0.0,0.0,10.729,23.6,1592702974637
0.0,0.0,10.719,23.6,1592702974707
0.0,0.0,10.719,23.6,1592702974780
0.0,0.0,10.719,23.6,1592702974850
0.0,0.0,10.719,23.6,1592702974918
0.0,0.0,10.719,23.6,1592702974986
0.0,0.0,10.719,23.6,1592702975056
0.0,0.0,10.719,23.6,1592702975126
0.0,0.0,10.719,23.6,1592702975200
0.0,0.0,10.719,23.6,1592702975266
0.0,0.0,10.719,23.6,1592702975336
0.0,0.0,10.719,23.6,1592702975422
0.0,0.0,10.708,23.6,1592702975536
0.0,0.0,10.719,23.6,1592702975547
35.164772033691406,139.61688232421875,10.719,23.6,1592702975590
0.0,0.0,10.719,23.6,1592702975619
0.0,0.0,10.719,23.6,1592702975686
0.0,0.0,10.719,23.6,1592702975758
0.0,0.0,10.719,23.6,1592702975827
0.0,0.0,10.708,23.6,1592702976345
0.0,0.0,10.708,23.6,1592702976351
0.0,0.0,10.708,23.6,1592702976359
0.0,0.0,10.708,23.6,1592702976365
0.0,0.0,10.708,23.6,1592702976378
0.0,0.0,10.708,23.6,1592702976383
0.0,0.0,10.708,23.6,1592702976395
0.0,0.0,10.708,23.6,1592702976400
0.0,0.0,10.708,23.6,1592702976458
0.0,0.0,10.708,23.6,1592702976531
0.0,0.0,10.708,23.6,1592702976597
0.0,0.0,10.708,23.6,1592702976672
35.16477966308594,139.61685180664062,10.708,23.6,1592702976676
0.0,0.0,10.719,23.6,1592702976743
0.0,0.0,10.719,23.6,1592702976877
0.0,0.0,10.719,23.6,1592702977097
0.0,0.0,10.719,23.6,1592702977101
0.0,0.0,10.719,23.6,1592702977105
0.0,0.0,10.719,23.6,1592702977156
0.0,0.0,10.719,23.6,1592702977377
0.0,0.0,10.708,23.6,1592702977381
0.0,0.0,10.708,23.6,1592702977393
0.0,0.0,10.708,23.6,1592702977444
0.0,0.0,10.708,23.6,1592702977664
0.0,0.0,10.708,23.6,1592702977672
0.0,0.0,10.708,23.6,1592702977685
0.0,0.0,10.719,23.6,1592702977717
0.0,0.0,10.719,23.6,1592702977961
0.0,0.0,10.719,23.6,1592702978000
0.0,0.0,10.719,23.6,1592702978003
0.0,0.0,10.719,23.6,1592702978014
0.0,0.0,10.719,23.6,1592702978277
0.0,0.0,10.719,23.6,1592702978353
0.0,0.0,10.719,23.6,1592702978536
0.0,0.0,10.719,23.6,1592702978543
0.0,0.0,10.719,23.6,1592702978558
0.0,0.0,10.719,23.6,1592702978626
0.0,0.0,10.719,23.6,1592702978832
0.0,0.0,10.719,23.6,1592702978845
0.0,0.0,10.719,23.6,1592702978854
0.0,0.0,10.719,23.6,1592702978912
0.0,0.0,10.719,23.6,1592702979138
35.16478729248047,139.6168212890625,10.719,23.6,1592702979149
0.0,0.0,10.719,23.6,1592702979179
0.0,0.0,10.708,23.6,1592702979185
0.0,0.0,10.708,23.6,1592702979192
0.0,0.0,10.708,23.6,1592702979443
0.0,0.0,10.708,23.6,1592702979457
0.0,0.0,10.719,23.6,1592702979467
0.0,0.0,10.719,23.6,1592702979478
0.0,0.0,10.719,23.6,1592702979566
0.0,0.0,10.719,23.6,1592702979752
0.0,0.0,10.719,23.6,1592702979762
0.0,0.0,10.729,23.6,1592702979771
0.0,0.0,10.729,23.6,1592702979822
0.0,0.0,10.729,23.6,1592702980060
0.0,0.0,10.729,23.6,1592702980072
0.0,0.0,10.719,23.6,1592702980079
0.0,0.0,10.719,23.6,1592702980099
0.0,0.0,10.719,23.6,1592702980166
0.0,0.0,10.719,23.6,1592702980236
0.0,0.0,10.719,23.6,1592702980306
0.0,0.0,10.719,23.6,1592702980376
0.0,0.0,10.708,23.6,1592702980455
0.0,0.0,10.708,23.6,1592702980516
0.0,0.0,10.719,23.6,1592702980586
0.0,0.0,10.719,23.6,1592702980658
0.0,0.0,10.719,23.6,1592702980743
0.0,0.0,10.719,23.6,1592702980796
0.0,0.0,10.719,23.6,1592702981345
35.164794921875,139.61680603027344,10.719,23.6,1592702981361
0.0,0.0,10.719,23.6,1592702981413
0.0,0.0,10.719,23.6,1592702981419
0.0,0.0,10.719,23.6,1592702981430
0.0,0.0,10.719,23.6,1592702981436
0.0,0.0,10.719,23.6,1592702981440
0.0,0.0,10.719,23.6,1592702981443
0.0,0.0,10.719,23.6,1592702981447
0.0,0.0,10.719,23.6,1592702981451
0.0,0.0,10.719,23.6,1592702981497
0.0,0.0,10.719,23.6,1592702981574
0.0,0.0,10.719,23.6,1592702981637
0.0,0.0,10.719,23.6,1592702981708
0.0,0.0,10.719,23.6,1592702981779
0.0,0.0,10.719,23.6,1592702981847
0.0,0.0,10.708,23.6,1592702981931
0.0,0.0,10.708,23.6,1592702981989
0.0,0.0,10.708,23.6,1592702982058
0.0,0.0,10.708,23.6,1592702982128
0.0,0.0,10.719,23.6,1592702982198
0.0,0.0,10.708,23.6,1592702982268
0.0,0.0,10.719,23.6,1592702982349
0.0,0.0,10.719,23.6,1592702982408
0.0,0.0,10.719,23.6,1592702982501
0.0,0.0,10.719,23.6,1592702982557
0.0,0.0,10.719,23.6,1592702982628
0.0,0.0,10.719,23.6,1592702982687
0.0,0.0,10.719,23.6,1592702982827
0.0,0.0,10.719,23.6,1592702982906
0.0,0.0,10.708,23.6,1592702982968
0.0,0.0,10.708,23.6,1592702983121
0.0,0.0,10.708,23.6,1592702983130
0.0,0.0,10.708,23.6,1592702983180
0.0,0.0,10.708,23.6,1592702983247
0.0,0.0,10.719,23.6,1592702983317
0.0,0.0,10.719,23.6,1592702983388
0.0,0.0,10.719,23.6,1592702983458
0.0,0.0,10.719,23.6,1592702983540
35.1648063659668,139.6167755126953,10.719,23.6,1592702983567
0.0,0.0,10.719,23.6,1592702983606
0.0,0.0,10.719,23.6,1592702983671
0.0,0.0,10.719,23.6,1592702983739
0.0,0.0,10.719,23.6,1592702983819
0.0,0.0,10.719,23.6,1592702983879
0.0,0.0,10.719,23.6,1592702984017
0.0,0.0,10.719,23.6,1592702984087
0.0,0.0,10.719,23.6,1592702984159
0.0,0.0,10.719,23.6,1592702984227
0.0,0.0,10.719,23.6,1592702984296
0.0,0.0,10.719,23.6,1592702984367
0.0,0.0,10.719,23.6,1592702984438
0.0,0.0,10.719,23.6,1592702984506
0.0,0.0,10.719,23.6,1592702984577
0.0,0.0,10.719,23.6,1592702984646
35.164817810058594,139.61676025390625,10.719,23.6,1592702984659
0.0,0.0,10.719,23.6,1592702984726
0.0,0.0,10.719,23.6,1592702984787
0.0,0.0,10.719,23.6,1592702984856
0.0,0.0,10.719,23.6,1592702984945
0.0,0.0,10.719,23.6,1592702984997
0.0,0.0,10.719,23.6,1592702985092
0.0,0.0,10.719,23.6,1592702985136
0.0,0.0,10.719,23.6,1592702985206
0.0,0.0,10.729,23.6,1592702985277
0.0,0.0,10.729,23.6,1592702985356
0.0,0.0,10.729,23.6,1592702985418
0.0,0.0,10.729,23.6,1592702985486
0.0,0.0,10.719,23.6,1592702985662
0.0,0.0,10.719,23.6,1592702985668
0.0,0.0,10.719,23.6,1592702985709
0.0,0.0,10.708,23.6,1592702985768
0.0,0.0,10.719,23.6,1592702986395
0.0,0.0,10.719,23.6,1592702986406
0.0,0.0,10.719,23.6,1592702986417
0.0,0.0,10.719,23.6,1592702986427
0.0,0.0,10.708,23.6,1592702986435
0.0,0.0,10.708,23.6,1592702986449
0.0,0.0,10.708,23.6,1592702986452
0.0,0.0,10.708,23.6,1592702986455
0.0,0.0,10.719,23.6,1592702986459
0.0,0.0,10.719,23.6,1592702986467
0.0,0.0,10.719,23.6,1592702986537
0.0,0.0,10.719,23.6,1592702986606
0.0,0.0,10.719,23.6,1592702986677
0.0,0.0,10.719,23.6,1592702986746
0.0,0.0,10.719,23.6,1592702986816
0.0,0.0,10.719,23.6,1592702986895
0.0,0.0,10.719,23.6,1592702986957
0.0,0.0,10.719,23.6,1592702987098
0.0,0.0,10.719,23.6,1592702987170
0.0,0.0,10.719,23.6,1592702987300
0.0,0.0,10.719,23.6,1592702987306
0.0,0.0,10.708,23.6,1592702987392
0.0,0.0,10.708,23.6,1592702987448
35.164825439453125,139.61672973632812,10.708,23.6,1592702987457
0.0,0.0,10.708,23.6,1592702987516
0.0,0.0,10.698,23.6,1592702987586
0.0,0.0,10.698,23.6,1592702987658
0.0,0.0,10.698,23.6,1592702987727
0.0,0.0,10.687,23.6,1592702987797
0.0,0.0,10.687,23.6,1592702987866
0.0,0.0,10.687,23.6,1592702987944
0.0,0.0,10.687,23.6,1592702988007
0.0,0.0,10.687,23.6,1592702988077
0.0,0.0,10.687,23.6,1592702988146
0.0,0.0,10.687,23.6,1592702988231
0.0,0.0,10.687,23.6,1592702988291
0.0,0.0,10.677,23.6,1592702988356
0.0,0.0,10.677,23.6,1592702988427
0.0,0.0,10.687,23.6,1592702988497
0.0,0.0,10.687,23.6,1592702988567
35.164833068847656,139.61671447753906,10.687,23.6,1592702988572
0.0,0.0,10.687,23.6,1592702988637
0.0,0.0,10.687,23.6,1592702988706
0.0,0.0,10.687,23.6,1592702988777
0.0,0.0,10.687,23.6,1592702988858
0.0,0.0,10.677,23.6,1592702988916
0.0,0.0,10.677,23.6,1592702988986
0.0,0.0,10.677,23.6,1592702989057
0.0,0.0,10.677,23.6,1592702989144
0.0,0.0,10.667,23.6,1592702989196
0.0,0.0,10.667,23.6,1592702989266
0.0,0.0,10.656,23.6,1592702989338
0.0,0.0,10.656,23.6,1592702989407
0.0,0.0,10.646,23.6,1592702989477
0.0,0.0,10.646,23.6,1592702989545
0.0,0.0,10.646,23.6,1592702989615
0.0,0.0,10.646,23.6,1592702989686
0.0,0.0,10.656,23.6,1592702989756
0.0,0.0,10.656,23.6,1592702989826
0.0,0.0,10.656,23.6,1592702989901
0.0,0.0,10.656,23.6,1592702989986
0.0,0.0,10.656,23.6,1592702990036
0.0,0.0,10.656,23.6,1592702990108
0.0,0.0,10.656,23.6,1592702990177
0.0,0.0,10.656,23.6,1592702990254
0.0,0.0,10.656,23.6,1592702990317
0.0,0.0,10.646,23.6,1592702990386
0.0,0.0,10.646,23.6,1592702990461
0.0,0.0,10.646,23.6,1592702990533
0.0,0.0,10.635,23.6,1592702990595
0.0,0.0,10.635,23.6,1592702990665
0.0,0.0,10.635,23.6,1592702990735
0.0,0.0,10.625,23.6,1592702990811
35.16484069824219,139.61668395996094,10.625,23.6,1592702990817
0.0,0.0,10.625,23.6,1592702990891
0.0,0.0,10.615,23.6,1592702990945
0.0,0.0,10.615,23.6,1592702991016
0.0,0.0,10.615,23.6,1592702991622
0.0,0.0,10.604,23.6,1592702991625
0.0,0.0,10.604,23.6,1592702991630
0.0,0.0,10.615,23.6,1592702991634
0.0,0.0,10.615,23.6,1592702991639
0.0,0.0,10.615,23.6,1592702991646
0.0,0.0,10.635,23.6,1592702991650
0.0,0.0,10.635,23.6,1592702991671
0.0,0.0,10.646,23.6,1592702991681
0.0,0.0,10.646,23.6,1592702991717
0.0,0.0,10.646,23.6,1592702991785
0.0,0.0,10.646,23.6,1592702991855
0.0,0.0,10.646,23.6,1592702991926
0.0,0.0,10.646,23.6,1592702992009
0.0,0.0,10.635,23.6,1592702992065
0.0,0.0,10.635,23.6,1592702992136
0.0,0.0,10.635,23.6,1592702992206
0.0,0.0,10.635,23.6,1592702992275
0.0,0.0,10.635,23.6,1592702992346
0.0,0.0,10.635,23.6,1592702992420
0.0,0.0,10.635,23.6,1592702992488
0.0,0.0,10.635,23.6,1592702992555
0.0,0.0,10.635,23.6,1592702992626
0.0,0.0,10.635,23.6,1592702992696
0.0,0.0,10.646,23.6,1592702992772
0.0,0.0,10.646,23.6,1592702992912
0.0,0.0,10.646,23.6,1592702992916
0.0,0.0,10.646,23.6,1592702992976
0.0,0.0,10.646,23.6,1592702993045
35.164852142333984,139.61666870117188,10.646,23.6,1592702993053
0.0,0.0,10.656,23.6,1592702993115
0.0,0.0,10.667,23.6,1592702993186
0.0,0.0,10.667,23.6,1592702993256
0.0,0.0,10.667,23.6,1592702993326
0.0,0.0,10.656,23.6,1592702993402
0.0,0.0,10.656,23.6,1592702993466
0.0,0.0,10.646,23.6,1592702993549
0.0,0.0,10.646,23.6,1592702993605
0.0,0.0,10.635,23.6,1592702993680
0.0,0.0,10.615,23.6,1592702993749
0.0,0.0,10.615,23.6,1592702993815
0.0,0.0,10.615,23.6,1592702993885
0.0,0.0,10.604,23.6,1592702993956
0.0,0.0,10.604,23.6,1592702994025
0.0,0.0,10.604,23.6,1592702994096
0.0,0.0,10.604,23.6,1592702994165
0.0,0.0,10.604,23.6,1592702994235
0.0,0.0,10.604,23.6,1592702994322
0.0,0.0,10.604,23.6,1592702994377
0.0,0.0,10.604,23.6,1592702994446
0.0,0.0,10.604,23.6,1592702994514
0.0,0.0,10.594,23.6,1592702994587
0.0,0.0,10.594,23.6,1592702994655
0.0,0.0,10.594,23.6,1592702994795
0.0,0.0,10.594,23.6,1592702994870
0.0,0.0,10.594,23.6,1592702994935
0.0,0.0,10.604,23.6,1592702995012
0.0,0.0,10.594,23.6,1592702995075
0.0,0.0,10.594,23.6,1592702995185
0.0,0.0,10.594,23.6,1592702995248
35.164859771728516,139.6166534423828,10.594,23.6,1592702995257
0.0,0.0,10.583,23.6,1592702995286
0.0,0.0,10.583,23.6,1592702995357
0.0,0.0,10.583,23.6,1592702995434
0.0,0.0,10.583,23.6,1592702995495
0.0,0.0,10.583,23.6,1592702995566
0.0,0.0,10.594,23.6,1592702995636
0.0,0.0,10.594,23.6,1592702995708
0.0,0.0,10.594,23.6,1592702995776
0.0,0.0,10.594,23.6,1592702995846
0.0,0.0,10.594,23.6,1592702995916
0.0,0.0,10.604,23.6,1592702996054
0.0,0.0,10.604,23.6,1592702996624
35.16487503051758,139.6166229248047,10.604,23.6,1592702996642
0.0,0.0,10.604,23.6,1592702996693
0.0,0.0,10.604,23.6,1592702996698
0.0,0.0,10.594,23.6,1592702996703
0.0,0.0,10.594,23.6,1592702996712
0.0,0.0,10.583,23.6,1592702996716
0.0,0.0,10.583,23.6,1592702996720
0.0,0.0,10.583,23.6,1592702996724
0.0,0.0,10.583,23.6,1592702996732
0.0,0.0,10.583,23.6,1592702996756
0.0,0.0,10.583,23.6,1592702996827
0.0,0.0,10.583,23.6,1592702996906
0.0,0.0,10.583,23.6,1592702997124
0.0,0.0,10.583,23.6,1592702997150
0.0,0.0,10.583,23.6,1592702997159
0.0,0.0,10.583,23.6,1592702997176
0.0,0.0,10.583,23.6,1592702997411
0.0,0.0,10.583,23.6,1592702997422
0.0,0.0,10.573,23.6,1592702997431
0.0,0.0,10.573,23.6,1592702997456
0.0,0.0,10.573,23.6,1592702997537
0.0,0.0,10.573,23.6,1592702997711
0.0,0.0,10.573,23.6,1592702997747
0.0,0.0,10.563,23.6,1592702997754
0.0,0.0,10.563,23.6,1592702998017
0.0,0.0,10.552,23.6,1592702998025
0.0,0.0,10.552,23.6,1592702998038
0.0,0.0,10.542,23.6,1592702998086
0.0,0.0,10.542,23.6,1592702998311
0.0,0.0,10.542,23.6,1592702998317
0.0,0.0,10.542,23.6,1592702998325
0.0,0.0,10.542,23.6,1592702998366
0.0,0.0,10.542,23.6,1592702998601
0.0,0.0,10.542,23.6,1592702998609
0.0,0.0,10.542,23.6,1592702998625
0.0,0.0,10.542,23.6,1592702998647
0.0,0.0,10.542,23.6,1592702998901
35.16488265991211,139.61660766601562,10.542,23.6,1592702998910
0.0,0.0,10.542,23.6,1592702998956
0.0,0.0,10.542,23.6,1592702998960
0.0,0.0,10.542,23.6,1592702998964
0.0,0.0,10.531,23.6,1592702998997
0.0,0.0,10.531,23.6,1592702999203
0.0,0.0,10.531,23.6,1592702999209
0.0,0.0,10.531,23.6,1592702999214
0.0,0.0,10.521,23.6,1592702999285
0.0,0.0,10.521,23.6,1592702999510
0.0,0.0,10.521,23.6,1592702999525
0.0,0.0,10.521,23.6,1592702999543
0.0,0.0,10.521,23.6,1592702999558
0.0,0.0,10.521,23.6,1592702999644
0.0,0.0,10.511,23.6,1592702999818
0.0,0.0,10.511,23.6,1592702999827
0.0,0.0,10.511,23.6,1592702999852
0.0,0.0,10.511,23.6,1592702999907
0.0,0.0,10.5,23.6,1592703000117
0.0,0.0,10.5,23.6,1592703000160
0.0,0.0,10.5,23.6,1592703000168
0.0,0.0,10.5,23.6,1592703000185
0.0,0.0,10.5,23.6,1592703000255
0.0,0.0,10.5,23.6,1592703000326
0.0,0.0,10.49,23.6,1592703000395
0.0,0.0,10.49,23.6,1592703000496
0.0,0.0,10.49,23.6,1592703000535
0.0,0.0,10.49,23.6,1592703000605
0.0,0.0,10.479,23.6,1592703000675
0.0,0.0,10.479,23.6,1592703000746
0.0,0.0,10.479,23.6,1592703000815
0.0,0.0,10.479,23.6,1592703000885
0.0,0.0,10.479,23.6,1592703000955
0.0,0.0,10.479,23.6,1592703001033
0.0,0.0,10.479,23.6,1592703001128
0.0,0.0,10.479,23.6,1592703001166
35.16489028930664,139.61659240722656,10.479,23.6,1592703001175
0.0,0.0,10.479,23.6,1592703001329
0.0,0.0,10.479,23.6,1592703001335
0.0,0.0,10.479,23.6,1592703001375
0.0,0.0,10.479,23.6,1592703001960
0.0,0.0,10.469,23.6,1592703001978
0.0,0.0,10.469,23.6,1592703001994
0.0,0.0,10.459,23.6,1592703002001
0.0,0.0,10.459,23.6,1592703002011
0.0,0.0,10.459,23.6,1592703002016
0.0,0.0,10.459,23.6,1592703002020
0.0,0.0,10.459,23.6,1592703002026
0.0,0.0,10.459,23.6,1592703002032
0.0,0.0,10.459,23.6,1592703002078
0.0,0.0,10.459,23.6,1592703002146
0.0,0.0,10.459,23.6,1592703002224
0.0,0.0,10.459,23.6,1592703002286
0.0,0.0,10.448,23.6,1592703002356
0.0,0.0,10.448,23.6,1592703002425
0.0,0.0,10.448,23.6,1592703002494
0.0,0.0,10.448,23.6,1592703002568
0.0,0.0,10.438,23.6,1592703002635
0.0,0.0,10.438,23.6,1592703002706
0.0,0.0,10.427,23.6,1592703002786
0.0,0.0,10.427,23.6,1592703002845
0.0,0.0,10.427,23.6,1592703002915
0.0,0.0,10.417,23.6,1592703002985
0.0,0.0,10.417,23.6,1592703003061
0.0,0.0,10.407,23.6,1592703003130
0.0,0.0,10.407,23.6,1592703003195
0.0,0.0,10.407,23.6,1592703003265
0.0,0.0,10.396,23.6,1592703003335
0.0,0.0,10.396,23.6,1592703003411
0.0,0.0,10.386,23.6,1592703003482
35.16489791870117,139.61656188964844,10.386,23.6,1592703003489
0.0,0.0,10.386,23.6,1592703003550
0.0,0.0,10.386,23.6,1592703003614
0.0,0.0,10.386,23.6,1592703003689
0.0,0.0,10.386,23.6,1592703003757
0.0,0.0,10.375,23.6,1592703003826
0.0,0.0,10.386,23.6,1592703003895
0.0,0.0,10.375,23.6,1592703003971
0.0,0.0,10.375,23.6,1592703004039
0.0,0.0,10.375,23.6,1592703004108
0.0,0.0,10.375,23.6,1592703004176
0.0,0.0,10.375,23.6,1592703004248
0.0,0.0,10.375,23.6,1592703004316
0.0,0.0,10.365,23.6,1592703004387
0.0,0.0,10.365,23.6,1592703004454
0.0,0.0,10.365,23.6,1592703004526
0.0,0.0,10.365,23.6,1592703004595
35.16490936279297,139.61654663085938,10.365,23.6,1592703004600
0.0,0.0,10.365,23.6,1592703004665
0.0,0.0,10.354,23.6,1592703004735
0.0,0.0,10.354,23.6,1592703004808
0.0,0.0,10.344,23.6,1592703004886
0.0,0.0,10.344,23.6,1592703005015
0.0,0.0,10.334,23.6,1592703005085
0.0,0.0,10.334,23.6,1592703005171
0.0,0.0,10.334,23.6,1592703005226
0.0,0.0,10.323,23.6,1592703005295
0.0,0.0,10.323,23.6,1592703005365
0.0,0.0,10.323,23.6,1592703005435
0.0,0.0,10.313,23.6,1592703005505
0.0,0.0,10.313,23.6,1592703005590
0.0,0.0,10.313,23.6,1592703005644
0.0,0.0,10.302,23.6,1592703005719
0.0,0.0,10.302,23.6,1592703005786
0.0,0.0,10.302,23.6,1592703005855
0.0,0.0,10.302,23.6,1592703005925
0.0,0.0,10.292,23.6,1592703005995
0.0,0.0,10.292,23.6,1592703006066
0.0,0.0,10.282,23.6,1592703006135
0.0,0.0,10.271,23.6,1592703006207
0.0,0.0,10.261,23.6,1592703006276
0.0,0.0,10.25,23.6,1592703006345
0.0,0.0,10.24,23.6,1592703006417
0.0,0.0,10.23,23.6,1592703006974
0.0,0.0,10.219,23.6,1592703006982
0.0,0.0,10.219,23.6,1592703006991
0.0,0.0,10.209,23.6,1592703007005
35.164920806884766,139.6165313720703,10.209,23.6,1592703007014
0.0,0.0,10.209,23.6,1592703007053
0.0,0.0,10.198,23.6,1592703007058
0.0,0.0,10.188,23.6,1592703007065
0.0,0.0,10.178,23.6,1592703007070
0.0,0.0,10.178,23.6,1592703007075
0.0,0.0,10.178,23.6,1592703007116
0.0,0.0,10.178,23.6,1592703007185
0.0,0.0,10.178,23.6,1592703007271
0.0,0.0,10.178,23.6,1592703007326
0.0,0.0,10.167,23.6,1592703007397
0.0,0.0,10.167,23.6,1592703007468
0.0,0.0,10.167,23.6,1592703007561
0.0,0.0,10.167,23.6,1592703007609
0.0,0.0,10.167,23.6,1592703007675
0.0,0.0,10.167,23.6,1592703007745
0.0,0.0,10.157,23.6,1592703007814
0.0,0.0,10.157,23.6,1592703007885
0.0,0.0,10.146,23.6,1592703007964
0.0,0.0,10.146,23.6,1592703008027
0.0,0.0,10.136,23.6,1592703008095
0.0,0.0,10.126,23.6,1592703008165
0.0,0.0,10.126,23.6,1592703008235
0.0,0.0,10.126,23.6,1592703008305
0.0,0.0,10.126,23.6,1592703008375
0.0,0.0,10.126,23.6,1592703008459
0.0,0.0,10.115,23.6,1592703008514
0.0,0.0,10.115,23.6,1592703008589
0.0,0.0,10.115,23.6,1592703008654
0.0,0.0,10.105,23.6,1592703008748
0.0,0.0,10.105,23.6,1592703008794
0.0,0.0,10.105,23.6,1592703009537
35.16493225097656,139.61651611328125,10.105,23.6,1592703009547
0.0,0.0,10.094,23.6,1592703010110
0.0,0.0,10.094,23.6,1592703010131
0.0,0.0,10.094,23.6,1592703010204
0.0,0.0,10.094,23.6,1592703010269
0.0,0.0,10.094,23.6,1592703010343
0.0,0.0,10.084,23.6,1592703010409
0.0,0.0,10.084,23.6,1592703010480
0.0,0.0,10.073,23.6,1592703010551
0.0,0.0,10.073,23.6,1592703010633
0.0,0.0,10.063,23.6,1592703010687
35.164947509765625,139.6165008544922,10.063,23.6,1592703010692
0.0,0.0,10.063,23.6,1592703010760
0.0,0.0,10.063,23.6,1592703010827
0.0,0.0,10.053,23.6,1592703010897
0.0,0.0,10.053,23.6,1592703010979
0.0,0.0,10.053,23.6,1592703011038
0.0,0.0,10.042,23.6,1592703011111
0.0,0.0,10.042,23.6,1592703011177
0.0,0.0,10.032,23.6,1592703011266
0.0,0.0,10.032,23.6,1592703011317
0.0,0.0,10.032,23.6,1592703011388
0.0,0.0,10.032,23.6,1592703011983
0.0,0.0,10.032,23.6,1592703012062
0.0,0.0,10.032,23.6,1592703012076
0.0,0.0,10.032,23.6,1592703012086
0.0,0.0,10.021,23.6,1592703012098
0.0,0.0,10.021,23.6,1592703012112
0.0,0.0,10.021,23.6,1592703012115
0.0,0.0,10.021,23.6,1592703012130
0.0,0.0,10.021,23.6,1592703012134
0.0,0.0,10.021,23.6,1592703012145
0.0,0.0,10.021,23.6,1592703012165
0.0,0.0,10.021,23.6,1592703012233
0.0,0.0,10.021,23.6,1592703012297
0.0,0.0,10.021,23.6,1592703012366
0.0,0.0,10.021,23.6,1592703012464
0.0,0.0,10.011,23.6,1592703012506
0.0,0.0,10.011,23.6,1592703012578
0.0,0.0,10.001,23.6,1592703012718
0.0,0.0,10.001,23.6,1592703012786
0.0,0.0,10.001,23.6,1592703012919
0.0,0.0,10.001,23.6,1592703012934
0.0,0.0,9.99,23.6,1592703012997
0.0,0.0,9.99,23.6,1592703013088
35.16495895385742,139.61648559570312,9.99,23.6,1592703013094
0.0,0.0,9.98,23.6,1592703013155
0.0,0.0,9.98,23.6,1592703013214
0.0,0.0,9.98,23.6,1592703013274
0.0,0.0,9.969,23.6,1592703013347
0.0,0.0,9.969,23.6,1592703013415
0.0,0.0,9.969,23.6,1592703013493
0.0,0.0,9.969,23.6,1592703013555
0.0,0.0,9.959,23.6,1592703013626
0.0,0.0,9.959,23.6,1592703013694
0.0,0.0,9.949,23.6,1592703013764
0.0,0.0,9.949,23.6,1592703013837
0.0,0.0,9.949,23.6,1592703013988
0.0,0.0,9.949,23.6,1592703014045
0.0,0.0,9.938,23.6,1592703014120
0.0,0.0,9.938,23.6,1592703014190
0.0,0.0,9.938,23.6,1592703014275
0.0,0.0,9.938,23.6,1592703014324
0.0,0.0,9.928,23.6,1592703014431
0.0,0.0,9.928,23.6,1592703014549
0.0,0.0,9.917,23.6,1592703014604
0.0,0.0,9.917,23.6,1592703014682
0.0,0.0,9.907,23.6,1592703014849
0.0,0.0,9.907,23.6,1592703014861
0.0,0.0,9.897,23.6,1592703014885
0.0,0.0,9.886,23.6,1592703014957
0.0,0.0,9.886,23.6,1592703015025
0.0,0.0,9.886,23.6,1592703015094
0.0,0.0,9.886,23.6,1592703015178
0.0,0.0,9.886,23.6,1592703015235
0.0,0.0,9.876,23.6,1592703015305
35.16497802734375,139.61647033691406,9.876,23.6,1592703015312
0.0,0.0,9.876,23.6,1592703015374
0.0,0.0,9.876,23.6,1592703015444
0.0,0.0,9.876,23.6,1592703015515
0.0,0.0,9.876,23.6,1592703015587
0.0,0.0,9.876,23.6,1592703015657
0.0,0.0,9.876,23.6,1592703015726
0.0,0.0,9.876,23.6,1592703015795
0.0,0.0,9.876,23.6,1592703015869
0.0,0.0,9.865,23.6,1592703015934
0.0,0.0,9.865,23.6,1592703016003
0.0,0.0,9.855,23.6,1592703016073
0.0,0.0,9.855,23.6,1592703016145
0.0,0.0,9.845,23.6,1592703016221
0.0,0.0,9.845,23.6,1592703016283
0.0,0.0,9.834,23.6,1592703016354
0.0,0.0,9.834,23.6,1592703016430
0.0,0.0,9.824,23.6,1592703016493
0.0,0.0,9.813,23.6,1592703016565
0.0,0.0,9.813,23.6,1592703016634
0.0,0.0,9.803,23.6,1592703017170
0.0,0.0,9.792,23.6,1592703017190
0.0,0.0,9.792,23.6,1592703017216
0.0,0.0,9.782,23.6,1592703017232
0.0,0.0,9.782,23.6,1592703017242
0.0,0.0,9.772,23.6,1592703017248
0.0,0.0,9.772,23.6,1592703017265
0.0,0.0,9.761,23.6,1592703017270
0.0,0.0,9.761,23.6,1592703017415
0.0,0.0,9.751,23.6,1592703017444
0.0,0.0,9.751,23.6,1592703017451
0.0,0.0,9.74,23.6,1592703017476
35.16499328613281,139.616455078125,9.74,23.6,1592703017602
0.0,0.0,9.74,23.6,1592703017707
0.0,0.0,9.74,23.6,1592703017712
0.0,0.0,9.73,23.6,1592703017734
0.0,0.0,9.73,23.6,1592703017825
0.0,0.0,9.72,23.6,1592703018007
0.0,0.0,9.709,23.6,1592703018013
0.0,0.0,9.699,23.6,1592703018039
0.0,0.0,9.699,23.6,1592703018105
0.0,0.0,9.688,23.6,1592703018304
0.0,0.0,9.688,23.6,1592703018310
0.0,0.0,9.678,23.6,1592703018316
0.0,0.0,9.668,23.6,1592703018385
0.0,0.0,9.668,23.6,1592703018586
0.0,0.0,9.657,23.6,1592703018594
0.0,0.0,9.657,23.6,1592703018602
0.0,0.0,9.647,23.6,1592703018669
0.0,0.0,9.647,23.6,1592703018889
35.165008544921875,139.61643981933594,9.647,23.6,1592703018899
0.0,0.0,9.636,23.6,1592703018935
0.0,0.0,9.636,23.6,1592703018945
0.0,0.0,9.626,23.6,1592703018958
0.0,0.0,9.626,23.6,1592703019196
0.0,0.0,9.616,23.6,1592703019203
0.0,0.0,9.605,23.6,1592703019209
0.0,0.0,9.605,23.6,1592703019225
0.0,0.0,9.595,23.6,1592703019295
0.0,0.0,9.584,23.6,1592703019500
0.0,0.0,9.584,23.6,1592703019517
0.0,0.0,9.574,23.6,1592703019525
0.0,0.0,9.574,23.6,1592703019577
0.0,0.0,9.564,23.6,1592703019806
0.0,0.0,9.553,23.6,1592703019817
0.0,0.0,9.553,23.6,1592703019832
0.0,0.0,9.553,23.6,1592703019854
0.0,0.0,9.543,23.6,1592703020109
0.0,0.0,9.532,23.6,1592703020176
0.0,0.0,9.532,23.6,1592703020180
0.0,0.0,9.522,23.6,1592703020184
0.0,0.0,9.512,23.6,1592703020204
0.0,0.0,9.501,23.6,1592703020274
0.0,0.0,9.491,23.6,1592703020347
0.0,0.0,9.48,23.6,1592703020423
0.0,0.0,9.48,23.6,1592703020495
0.0,0.0,9.47,23.6,1592703020559
0.0,0.0,9.47,23.6,1592703020624
0.0,0.0,9.459,23.6,1592703020697
0.0,0.0,9.449,23.6,1592703020765
0.0,0.0,9.449,23.6,1592703020853
0.0,0.0,9.439,23.6,1592703020905
0.0,0.0,9.439,23.6,1592703020976
0.0,0.0,9.439,23.6,1592703021045
0.0,0.0,9.428,23.6,1592703021118
0.0,0.0,9.428,23.6,1592703021185
35.1650276184082,139.61642456054688,9.428,23.6,1592703021192
0.0,0.0,9.418,23.6,1592703021254
0.0,0.0,9.407,23.6,1592703021324
0.0,0.0,9.407,23.6,1592703021395
0.0,0.0,9.407,23.6,1592703021465
0.0,0.0,9.397,23.6,1592703021538
0.0,0.0,9.397,23.6,1592703021625
0.0,0.0,9.397,23.6,1592703022222
0.0,0.0,9.387,23.6,1592703022251
0.0,0.0,9.376,23.6,1592703022270
0.0,0.0,9.376,23.6,1592703022306
0.0,0.0,9.366,23.6,1592703022310
0.0,0.0,9.355,23.6,1592703022315
0.0,0.0,9.345,23.6,1592703022322
0.0,0.0,9.335,23.6,1592703022328
0.0,0.0,9.324,23.6,1592703022334
0.0,0.0,9.314,23.6,1592703022352
0.0,0.0,9.314,23.6,1592703022373
0.0,0.0,9.303,23.6,1592703022444
0.0,0.0,9.293,23.6,1592703022519
0.0,0.0,9.283,23.6,1592703022582
0.0,0.0,9.272,23.6,1592703022656
0.0,0.0,9.272,23.6,1592703022723
0.0,0.0,9.272,23.6,1592703022815
0.0,0.0,9.262,23.6,1592703022864
0.0,0.0,9.262,23.6,1592703022952
0.0,0.0,9.251,23.6,1592703023003
0.0,0.0,9.251,23.6,1592703023076
0.0,0.0,9.241,23.6,1592703023142
0.0,0.0,9.231,23.6,1592703023218
0.0,0.0,9.231,23.6,1592703023283
0.0,0.0,9.231,23.6,1592703023355
35.165042877197266,139.6164093017578,9.231,23.6,1592703023378
0.0,0.0,9.22,23.6,1592703023424
0.0,0.0,9.21,23.6,1592703023492
0.0,0.0,9.199,23.6,1592703023565
0.0,0.0,9.189,23.6,1592703023633
0.0,0.0,9.189,23.6,1592703023703
0.0,0.0,9.178,23.6,1592703023781
0.0,0.0,9.168,23.6,1592703023916
0.0,0.0,9.158,23.6,1592703023988
0.0,0.0,9.147,23.6,1592703024053
0.0,0.0,9.147,23.6,1592703024122
0.0,0.0,9.137,23.6,1592703024201
0.0,0.0,9.126,23.6,1592703024264
0.0,0.0,9.116,23.6,1592703024332
0.0,0.0,9.116,23.6,1592703024413
0.0,0.0,9.106,23.6,1592703024472
0.0,0.0,9.095,23.6,1592703024543
0.0,0.0,9.085,23.6,1592703024612
0.0,0.0,9.085,23.6,1592703024687
0.0,0.0,9.074,23.6,1592703024758
0.0,0.0,9.074,23.6,1592703024823
0.0,0.0,9.064,23.6,1592703024893
0.0,0.0,9.064,23.6,1592703024964
0.0,0.0,9.054,23.6,1592703025050
0.0,0.0,9.043,23.6,1592703025103
0.0,0.0,9.033,23.6,1592703025173
0.0,0.0,9.033,23.6,1592703025243
0.0,0.0,9.022,23.6,1592703025317
0.0,0.0,9.012,23.6,1592703025383
0.0,0.0,9.002,23.6,1592703025453
0.0,0.0,8.991,23.6,1592703025522
35.16505813598633,139.6164093017578,8.981,23.6,1592703025592
0.0,0.0,8.981,23.6,1592703025631
0.0,0.0,8.981,23.6,1592703025662
0.0,0.0,8.97,23.6,1592703025733
0.0,0.0,8.97,23.6,1592703025802
0.0,0.0,8.97,23.6,1592703025874
0.0,0.0,8.96,23.6,1592703025956
0.0,0.0,8.96,23.6,1592703026013
0.0,0.0,8.95,23.6,1592703026083
0.0,0.0,8.95,23.6,1592703026153
0.0,0.0,8.939,23.6,1592703026235
0.0,0.0,8.939,23.6,1592703026293
0.0,0.0,8.929,23.6,1592703026363
0.0,0.0,8.929,23.6,1592703026433
0.0,0.0,8.918,23.6,1592703026519
0.0,0.0,8.918,23.6,1592703026574
0.0,0.0,8.908,23.6,1592703026642
35.16507339477539,139.61639404296875,8.908,23.6,1592703026647
0.0,0.0,8.908,23.6,1592703026728
0.0,0.0,8.897,23.6,1592703026782
0.0,0.0,8.908,23.6,1592703026852
0.0,0.0,8.908,23.6,1592703026923
0.0,0.0,8.908,23.6,1592703027001
0.0,0.0,8.908,23.6,1592703027557
0.0,0.0,8.908,23.6,1592703027569
0.0,0.0,8.908,23.6,1592703027585
0.0,0.0,8.908,23.6,1592703027605
0.0,0.0,8.897,23.6,1592703027621
0.0,0.0,8.897,23.6,1592703027629
0.0,0.0,8.897,23.6,1592703027643
0.0,0.0,8.897,23.6,1592703027653
0.0,0.0,8.897,23.6,1592703027662
0.0,0.0,8.897,23.6,1592703027692
0.0,0.0,8.897,23.6,1592703027763
0.0,0.0,8.897,23.6,1592703027833
0.0,0.0,8.887,23.6,1592703027916
0.0,0.0,8.887,23.6,1592703027978
0.0,0.0,8.887,23.6,1592703028045
0.0,0.0,8.887,23.6,1592703028113
0.0,0.0,8.887,23.6,1592703028186
0.0,0.0,8.877,23.6,1592703028253
0.0,0.0,8.877,23.6,1592703028329
0.0,0.0,8.877,23.6,1592703028392
0.0,0.0,8.877,23.6,1592703028468
0.0,0.0,8.877,23.6,1592703028603
0.0,0.0,8.877,23.6,1592703028672
0.0,0.0,8.877,23.6,1592703028743
0.0,0.0,8.877,23.6,1592703028813
0.0,0.0,8.877,23.6,1592703028882
35.16508865356445,139.61639404296875,8.877,23.6,1592703028887
0.0,0.0,8.866,23.6,1592703028955
0.0,0.0,8.866,23.6,1592703029024
0.0,0.0,8.866,23.6,1592703029103
0.0,0.0,8.856,23.6,1592703029162
0.0,0.0,8.856,23.6,1592703029235
0.0,0.0,8.845,23.6,1592703029310
0.0,0.0,8.835,23.6,1592703029404
0.0,0.0,8.835,23.6,1592703029442
0.0,0.0,8.825,23.6,1592703029513
0.0,0.0,8.825,23.6,1592703029583
0.0,0.0,8.814,23.6,1592703029652
0.0,0.0,8.804,23.6,1592703029722
0.0,0.0,8.804,23.6,1592703029898
0.0,0.0,8.793,23.6,1592703029933
0.0,0.0,8.783,23.6,1592703030002
0.0,0.0,8.773,23.6,1592703030077
0.0,0.0,8.762,23.6,1592703030143
0.0,0.0,8.752,23.6,1592703030220
0.0,0.0,8.741,23.6,1592703030285
0.0,0.0,8.741,23.6,1592703030353
0.0,0.0,8.741,23.6,1592703030423
0.0,0.0,8.731,23.6,1592703030493
0.0,0.0,8.721,23.6,1592703030567
0.0,0.0,8.71,23.6,1592703030633
0.0,0.0,8.71,23.6,1592703030712
0.0,0.0,8.71,23.6,1592703030773
0.0,0.0,8.71,23.6,1592703030850
0.0,0.0,8.71,23.6,1592703030914
0.0,0.0,8.71,23.6,1592703031004
0.0,0.0,8.7,23.6,1592703031054
0.0,0.0,8.7,23.6,1592703031132
35.165103912353516,139.6163787841797,8.7,23.6,1592703031150
0.0,0.0,8.7,23.6,1592703031229
0.0,0.0,8.71,23.6,1592703031264
0.0,0.0,8.7,23.6,1592703031332
0.0,0.0,8.7,23.6,1592703031403
0.0,0.0,8.689,23.6,1592703031475
0.0,0.0,8.689,23.6,1592703031545
0.0,0.0,8.689,23.6,1592703031617
0.0,0.0,8.689,23.6,1592703031683
0.0,0.0,8.679,23.6,1592703031752
0.0,0.0,8.679,23.6,1592703031822
0.0,0.0,8.679,23.6,1592703031892
0.0,0.0,8.669,23.6,1592703031963
0.0,0.0,8.669,23.6,1592703032032
0.0,0.0,8.669,23.6,1592703032568
0.0,0.0,8.658,23.6,1592703032609
0.0,0.0,8.658,23.6,1592703032615
0.0,0.0,8.658,23.6,1592703032626
0.0,0.0,8.658,23.6,1592703032633
0.0,0.0,8.658,23.6,1592703032643
0.0,0.0,8.658,23.6,1592703032650
0.0,0.0,8.648,23.6,1592703032668
0.0,0.0,8.648,23.6,1592703032731
0.0,0.0,8.648,23.6,1592703032806
0.0,0.0,8.648,23.6,1592703032872
0.0,0.0,8.637,23.6,1592703032942
0.0,0.0,8.627,23.6,1592703033011
0.0,0.0,8.617,23.6,1592703033082
0.0,0.0,8.596,23.6,1592703033154
0.0,0.0,8.585,23.6,1592703033226
0.0,0.0,8.564,23.6,1592703033328
0.0,0.0,8.554,23.6,1592703033362
0.0,0.0,8.544,23.6,1592703033449
0.0,0.0,8.533,23.6,1592703033502
