0.0,0.0,3.91,24.0,1569622543114
0.0,0.0,3.91,24.0,1569622543114
0.0,0.0,3.91,24.0,1569622543191
0.0,0.0,3.91,24.0,1569622543292
0.0,0.0,3.91,24.0,1569622543422
0.0,0.0,3.91,24.0,1569622543590
0.0,0.0,3.91,24.0,1569622543596
0.0,0.0,3.91,24.0,1569622543698
0.0,0.0,3.91,24.0,1569622544419
0.0,0.0,3.91,24.0,1569622544422
0.0,0.0,3.91,24.0,1569622544423
0.0,0.0,3.91,24.0,1569622544424
0.0,0.0,3.91,24.0,1569622544425
0.0,0.0,3.91,24.0,1569622544426
0.0,0.0,3.91,24.0,1569622544427
0.0,0.0,3.91,24.0,1569622544508
0.0,0.0,3.91,24.0,1569622544717
0.0,0.0,3.91,24.0,1569622544719
0.0,0.0,3.91,24.0,1569622544812
0.0,0.0,3.91,24.0,1569622545001
0.0,0.0,3.91,24.0,1569622545014
0.0,0.0,3.91,24.0,1569622545116
0.0,0.0,3.91,24.0,1569622545304
0.0,0.0,3.91,24.0,1569622545318
0.0,0.0,3.91,24.0,1569622545420
0.0,0.0,3.91,24.0,1569622545610
0.0,0.0,3.91,24.0,1569622545623
0.0,0.0,3.91,24.0,1569622545724
0.0,0.0,3.91,24.0,1569622545918
0.0,0.0,3.91,24.0,1569622545929
0.0,0.0,3.91,24.0,1569622546028
0.0,0.0,3.91,24.0,1569622546222
0.0,0.0,3.91,24.0,1569622546230
0.0,0.0,3.91,24.0,1569622546332
0.0,0.0,3.91,24.0,1569622546523
0.0,0.0,3.91,24.0,1569622546534
0.0,0.0,3.91,24.0,1569622546635
0.0,0.0,3.91,24.0,1569622546737
0.0,0.0,3.91,24.0,1569622546854
0.0,0.0,3.91,24.0,1569622546942
0.0,0.0,3.91,24.0,1569622547041
0.0,0.0,3.91,24.0,1569622547159
0.0,0.0,3.91,24.0,1569622547243
0.0,0.0,3.91,24.0,1569622547344
0.0,0.0,3.91,24.0,1569622547446
0.0,0.0,3.91,24.0,1569622547547
0.0,0.0,3.91,24.0,1569622547648
0.0,0.0,3.91,24.0,1569622547750
0.0,0.0,3.91,24.0,1569622547877
0.0,0.0,3.91,24.0,1569622547954
0.0,0.0,3.91,24.0,1569622548054
0.0,0.0,3.91,24.0,1569622548184
0.0,0.0,3.91,24.0,1569622548256
0.0,0.0,3.91,24.0,1569622548358
0.0,0.0,3.91,24.0,1569622548492
0.0,0.0,3.91,24.0,1569622548560
0.0,0.0,3.91,24.0,1569622548662
0.0,0.0,3.91,24.0,1569622548799
0.0,0.0,3.91,24.0,1569622548864
0.0,0.0,3.91,24.0,1569622549150
0.0,0.0,3.91,24.0,1569622549152
0.0,0.0,3.91,24.0,1569622549168
0.0,0.0,3.91,24.0,1569622549450
0.0,0.0,3.91,24.0,1569622549469
0.0,0.0,3.91,24.0,1569622549473
0.0,0.0,3.91,24.0,1569622549730
0.0,0.0,3.94,24.0,1569622549731
0.0,0.0,3.94,24.0,1569622550281
0.0,0.0,3.94,24.0,1569622550284
0.0,0.0,3.94,24.0,1569622550285
0.0,0.0,3.94,24.0,1569622550286
0.0,0.0,3.94,24.0,1569622550288
0.0,0.0,3.91,24.0,1569622550289
0.0,0.0,3.91,24.0,1569622550384
0.0,0.0,3.91,24.0,1569622550561
0.0,0.0,3.91,24.0,1569622550586
0.0,0.0,3.91,24.0,1569622550865
0.0,0.0,3.91,24.0,1569622550866
0.0,0.0,3.91,24.0,1569622550891
0.0,0.0,3.91,24.0,1569622551173
0.0,0.0,3.91,24.0,1569622551174
0.0,0.0,3.91,24.0,1569622551195
0.0,0.0,3.91,24.0,1569622551482
0.0,0.0,3.88,24.0,1569622551483
0.0,0.0,3.88,24.0,1569622551498
0.0,0.0,3.88,24.0,1569622551600
0.0,0.0,3.88,24.0,1569622551788
0.0,0.0,3.88,24.0,1569622551802
0.0,0.0,3.88,24.0,1569622551903
0.0,0.0,3.88,24.0,1569622552207
0.0,0.0,3.88,24.0,1569622552308
0.0,0.0,3.88,24.0,1569622552484
0.0,0.0,3.88,24.0,1569622552511
0.0,0.0,3.88,24.0,1569622552612
0.0,0.0,3.88,24.0,1569622552792
0.0,0.0,3.88,24.0,1569622552825
0.0,0.0,3.88,24.0,1569622552916
0.0,0.0,3.88,24.0,1569622553020
0.0,0.0,3.88,24.0,1569622553119
0.0,0.0,3.88,24.0,1569622553220
0.0,0.0,3.88,24.0,1569622553322
0.0,0.0,3.88,24.0,1569622553509
0.0,0.0,3.88,24.0,1569622553528
0.0,0.0,3.88,24.0,1569622553626
0.0,0.0,3.88,24.0,1569622553816
0.0,0.0,3.91,24.0,1569622553829
0.0,0.0,3.91,24.0,1569622553929
0.0,0.0,3.91,24.0,1569622554148
0.0,0.0,3.91,24.0,1569622554149
0.0,0.0,3.91,24.0,1569622554233
0.0,0.0,3.91,24.0,1569622554428
0.0,0.0,3.91,24.0,1569622554436
0.0,0.0,3.91,24.0,1569622554537
0.0,0.0,3.91,24.0,1569622554718
0.0,0.0,3.91,24.0,1569622555276
0.0,0.0,3.91,24.0,1569622555278
0.0,0.0,3.91,24.0,1569622555283
0.0,0.0,3.91,24.0,1569622555284
0.0,0.0,3.91,24.0,1569622555285
0.0,0.0,3.91,24.0,1569622555287
0.0,0.0,3.91,24.0,1569622555349
0.0,0.0,3.91,24.0,1569622555556
0.0,0.0,3.91,24.0,1569622555571
0.0,0.0,3.91,24.0,1569622555652
0.0,0.0,3.91,24.0,1569622555857
0.0,0.0,3.91,24.0,1569622555858
0.0,0.0,3.91,24.0,1569622555956
0.0,0.0,3.91,24.0,1569622556163
0.0,0.0,3.91,24.0,1569622556164
0.0,0.0,3.91,24.0,1569622556260
0.0,0.0,3.91,24.0,1569622556466
0.0,0.0,3.91,24.0,1569622556467
0.0,0.0,3.91,24.0,1569622556564
0.0,0.0,3.91,24.0,1569622556767
0.0,0.0,3.91,24.0,1569622556769
0.0,0.0,3.94,24.0,1569622556867
0.0,0.0,3.94,24.0,1569622557070
0.0,0.0,3.94,24.0,1569622557072
0.0,0.0,3.94,24.0,1569622557171
0.0,0.0,3.94,24.0,1569622557273
0.0,0.0,3.94,24.0,1569622557374
0.0,0.0,3.94,24.0,1569622557475
0.0,0.0,3.94,24.0,1569622557605
0.0,0.0,3.94,24.0,1569622557678
0.0,0.0,3.94,24.0,1569622557779
0.0,0.0,3.94,24.0,1569622557912
0.0,0.0,3.97,24.0,1569622557983
0.0,0.0,3.97,24.0,1569622558085
0.0,0.0,3.97,24.0,1569622558220
0.0,0.0,3.97,24.0,1569622558285
0.0,0.0,3.97,24.0,1569622558387
0.0,0.0,3.97,24.0,1569622558488
0.0,0.0,3.97,24.0,1569622558590
0.0,0.0,3.97,24.0,1569622558731
0.0,0.0,3.97,24.0,1569622558792
0.0,0.0,3.97,24.0,1569622558893
0.0,0.0,3.97,24.0,1569622559039
0.0,0.0,3.99,24.0,1569622559098
0.0,0.0,3.99,24.0,1569622559197
0.0,0.0,3.99,24.0,1569622559344
0.0,0.0,3.99,24.0,1569622559401
0.0,0.0,3.99,24.0,1569622559501
0.0,0.0,3.99,24.0,1569622559603
0.0,0.0,4.02,24.0,1569622559704
0.0,0.0,4.02,24.0,1569622560268
0.0,0.0,4.02,24.0,1569622560269
0.0,0.0,4.02,24.0,1569622560269
0.0,0.0,4.02,24.0,1569622560274
0.0,0.0,4.02,24.0,1569622560274
0.0,0.0,4.02,24.0,1569622560312
0.0,0.0,4.05,24.0,1569622560413
0.0,0.0,4.05,24.0,1569622560515
0.0,0.0,4.05,24.0,1569622560616
0.0,0.0,4.05,24.0,1569622560779
0.0,0.0,4.05,24.0,1569622560819
0.0,0.0,4.07,24.0,1569622560920
0.0,0.0,4.07,24.0,1569622561194
0.0,0.0,4.07,24.0,1569622561194
0.0,0.0,4.07,24.0,1569622561224
0.0,0.0,4.1,24.0,1569622561485
0.0,0.0,4.1,24.0,1569622561486
0.0,0.0,4.1,24.0,1569622561528
0.0,0.0,4.13,24.0,1569622561832
0.0,0.0,4.13,24.0,1569622562066
0.0,0.0,4.16,24.0,1569622562067
0.0,0.0,4.16,24.0,1569622562138
0.0,0.0,4.16,24.0,1569622562358
0.0,0.0,4.18,24.0,1569622562359
0.0,0.0,4.18,24.0,1569622562440
0.0,0.0,4.18,24.0,1569622562647
0.0,0.0,4.18,24.0,1569622562648
0.0,0.0,4.21,24.0,1569622562744
0.0,0.0,4.21,24.0,1569622562949
0.0,0.0,4.21,24.0,1569622562950
0.0,0.0,4.24,24.0,1569622563264
0.0,0.0,4.24,24.0,1569622563264
0.0,0.0,4.24,24.0,1569622563352
0.0,0.0,4.27,24.0,1569622563570
0.0,0.0,4.27,24.0,1569622563571
0.0,0.0,4.27,24.0,1569622563656
0.0,0.0,4.27,24.0,1569622563871
0.0,0.0,4.27,24.0,1569622563872
0.0,0.0,4.27,24.0,1569622563960
0.0,0.0,4.29,24.0,1569622564180
0.0,0.0,4.29,24.0,1569622564181
0.0,0.0,4.29,24.0,1569622564264
0.0,0.0,4.29,24.0,1569622564365
0.0,0.0,4.29,24.0,1569622564466
0.0,0.0,4.29,24.0,1569622564568
0.0,0.0,4.32,24.0,1569622564669
0.0,0.0,4.32,24.0,1569622565285
0.0,0.0,4.32,24.0,1569622565297
0.0,0.0,4.32,24.0,1569622565297
0.0,0.0,4.32,24.0,1569622565298
0.0,0.0,4.32,24.0,1569622565299
0.0,0.0,4.32,24.0,1569622565300
0.0,0.0,4.32,24.0,1569622565378
0.0,0.0,4.35,24.0,1569622565479
0.0,0.0,4.35,24.0,1569622565581
0.0,0.0,4.35,24.0,1569622565682
0.0,0.0,4.35,24.0,1569622565783
0.0,0.0,4.35,24.0,1569622565885
0.0,0.0,4.35,24.0,1569622565988
0.0,0.0,4.35,24.0,1569622566206
0.0,0.0,4.35,24.0,1569622566206
0.0,0.0,4.35,24.0,1569622566290
0.0,0.0,4.35,24.0,1569622566496
0.0,0.0,4.35,24.0,1569622566497
0.0,0.0,4.35,24.0,1569622566594
0.0,0.0,4.32,24.0,1569622566775
0.0,0.0,4.32,24.0,1569622566797
0.0,0.0,4.32,24.0,1569622567076
0.0,0.0,4.32,24.0,1569622567077
0.0,0.0,4.32,24.0,1569622567100
0.0,0.0,4.32,24.0,1569622567372
0.0,0.0,4.32,24.0,1569622567373
0.0,0.0,4.32,24.0,1569622567404
0.0,0.0,4.32,24.0,1569622567661
0.0,0.0,4.32,24.0,1569622567662
0.0,0.0,4.32,24.0,1569622567709
0.0,0.0,4.29,24.0,1569622567963
0.0,0.0,4.29,24.0,1569622567964
0.0,0.0,4.29,24.0,1569622568012
0.0,0.0,4.29,24.0,1569622568270
0.0,0.0,4.29,24.0,1569622568271
0.0,0.0,4.29,24.0,1569622568317
0.0,0.0,4.29,24.0,1569622568573
0.0,0.0,4.29,24.0,1569622568574
0.0,0.0,4.29,24.0,1569622568621
0.0,0.0,4.29,24.0,1569622568877
0.0,0.0,4.29,24.0,1569622568878
0.0,0.0,4.29,24.0,1569622568924
0.0,0.0,4.29,24.0,1569622569180
0.0,0.0,4.29,24.0,1569622569181
0.0,0.0,4.29,24.0,1569622569230
0.0,0.0,4.29,24.0,1569622569329
0.0,0.0,4.29,24.0,1569622569431
0.0,0.0,4.29,24.0,1569622569532
0.0,0.0,4.29,24.0,1569622569633
0.0,0.0,4.29,24.0,1569622570302
0.0,0.0,4.29,24.0,1569622570303
0.0,0.0,4.29,24.0,1569622570304
0.0,0.0,4.29,24.0,1569622570305
0.0,0.0,4.29,24.0,1569622570305
0.0,0.0,4.29,24.0,1569622570305
0.0,0.0,4.29,24.0,1569622570343
0.0,0.0,4.29,24.0,1569622570444
0.0,0.0,4.29,24.0,1569622570545
0.0,0.0,4.29,24.0,1569622570646
0.0,0.0,4.32,24.0,1569622570814
0.0,0.0,4.32,24.0,1569622570849
0.0,0.0,4.32,24.0,1569622570950
0.0,0.0,4.32,24.0,1569622571210
0.0,0.0,4.35,24.0,1569622571211
0.0,0.0,4.35,24.0,1569622571257
0.0,0.0,4.35,24.0,1569622571500
0.0,0.0,4.35,24.0,1569622571518
0.0,0.0,4.35,24.0,1569622571558
0.0,0.0,4.35,24.0,1569622571781
0.0,0.0,4.35,24.0,1569622571782
0.0,0.0,4.35,24.0,1569622571862
0.0,0.0,4.38,24.0,1569622572086
0.0,0.0,4.38,24.0,1569622572086
0.0,0.0,4.38,24.0,1569622572166
0.0,0.0,4.38,24.0,1569622572374
0.0,0.0,4.38,24.0,1569622572375
0.0,0.0,4.38,24.0,1569622572470
0.0,0.0,4.38,24.0,1569622572661
0.0,0.0,4.4,24.0,1569622572673
0.0,0.0,4.4,24.0,1569622572774
0.0,0.0,4.4,24.0,1569622572963
0.0,0.0,4.4,24.0,1569622572977
0.0,0.0,4.4,24.0,1569622573078
0.0,0.0,4.4,24.0,1569622573267
0.0,0.0,4.43,24.0,1569622573382
0.0,0.0,4.43,24.0,1569622573572
0.0,0.0,4.43,24.0,1569622573585
0.0,0.0,4.43,24.0,1569622573686
0.0,0.0,4.46,24.0,1569622573878
0.0,0.0,4.46,24.0,1569622573890
0.0,0.0,4.46,24.0,1569622573991
0.0,0.0,4.46,24.0,1569622574180
0.0,0.0,4.49,24.0,1569622574193
0.0,0.0,4.46,24.0,1569622574297
0.0,0.0,4.46,24.0,1569622574396
0.0,0.0,4.49,24.0,1569622574497
0.0,0.0,4.49,24.0,1569622574600
0.0,0.0,4.49,24.0,1569622575322
0.0,0.0,4.49,24.0,1569622575323
0.0,0.0,4.49,24.0,1569622575323
0.0,0.0,4.49,24.0,1569622575324
0.0,0.0,4.51,24.0,1569622575324
0.0,0.0,4.51,24.0,1569622575325
0.0,0.0,4.51,24.0,1569622575339
0.0,0.0,4.51,24.0,1569622575409
35.16252136230469,139.61573791503906,4.51,24.0,1569622576793
0.0,0.0,4.51,24.0,1569622576795
0.0,0.0,4.51,24.0,1569622576798
0.0,0.0,4.54,24.0,1569622576799
0.0,0.0,4.54,24.0,1569622576799
0.0,0.0,4.54,24.0,1569622576800
0.0,0.0,4.54,24.0,1569622576801
0.0,0.0,4.54,24.0,1569622576801
0.0,0.0,4.57,24.0,1569622576802
0.0,0.0,4.57,24.0,1569622576802
0.0,0.0,4.57,24.0,1569622576804
0.0,0.0,4.57,24.0,1569622576805
0.0,0.0,4.57,24.0,1569622576805
0.0,0.0,4.57,24.0,1569622576806
0.0,0.0,4.57,24.0,1569622576829
0.0,0.0,4.57,24.0,1569622577107
0.0,0.0,4.57,24.0,1569622577108
0.0,0.0,4.57,24.0,1569622577418
0.0,0.0,4.57,24.0,1569622577419
0.0,0.0,4.57,24.0,1569622577436
0.0,0.0,4.57,24.0,1569622577704
0.0,0.0,4.59,24.0,1569622577733
0.0,0.0,4.59,24.0,1569622577740
0.0,0.0,4.59,24.0,1569622578010
0.0,0.0,4.59,24.0,1569622578011
0.0,0.0,4.59,24.0,1569622578044
0.0,0.0,4.59,24.0,1569622578317
0.0,0.0,4.59,24.0,1569622578318
0.0,0.0,4.59,24.0,1569622578349
0.0,0.0,4.59,24.0,1569622578624
0.0,0.0,4.59,24.0,1569622578625
0.0,0.0,4.59,24.0,1569622578651
0.0,0.0,4.59,24.0,1569622578928
0.0,0.0,4.59,24.0,1569622578929
0.0,0.0,4.59,24.0,1569622578955
0.0,0.0,4.59,24.0,1569622579234
0.0,0.0,4.59,24.0,1569622579244
0.0,0.0,4.59,24.0,1569622579259
35.16255187988281,139.6157684326172,4.59,24.0,1569622579260
0.0,0.0,4.59,24.0,1569622579363
0.0,0.0,4.59,24.0,1569622579462
0.0,0.0,4.59,24.0,1569622579621
0.0,0.0,4.59,24.0,1569622579665
0.0,0.0,4.59,24.0,1569622580243
0.0,0.0,4.62,24.0,1569622580243
0.0,0.0,4.62,24.0,1569622580244
0.0,0.0,4.62,24.0,1569622580248
0.0,0.0,4.62,24.0,1569622580249
0.0,0.0,4.65,24.0,1569622580273
0.0,0.0,4.65,24.0,1569622580376
0.0,0.0,4.65,24.0,1569622580475
0.0,0.0,4.65,24.0,1569622580577
0.0,0.0,4.65,24.0,1569622580747
0.0,0.0,4.68,24.0,1569622580779
0.0,0.0,4.68,24.0,1569622580881
0.0,0.0,4.68,24.0,1569622581054
0.0,0.0,4.7,24.0,1569622581083
0.0,0.0,4.7,24.0,1569622581185
0.0,0.0,4.73,24.0,1569622581361
0.0,0.0,4.73,24.0,1569622581393
0.0,0.0,4.73,24.0,1569622581489
0.0,0.0,4.73,24.0,1569622581668
0.0,0.0,4.76,24.0,1569622581692
0.0,0.0,4.76,24.0,1569622581793
0.0,0.0,4.76,24.0,1569622581894
0.0,0.0,4.76,24.0,1569622581995
0.0,0.0,4.79,24.0,1569622582181
0.0,0.0,4.79,24.0,1569622582198
0.0,0.0,4.79,24.0,1569622582369
0.0,0.0,4.79,24.0,1569622582403
0.0,0.0,4.79,24.0,1569622582502
0.0,0.0,4.81,24.0,1569622582603
0.0,0.0,4.81,24.0,1569622582795
0.0,0.0,4.81,24.0,1569622582816
0.0,0.0,4.84,24.0,1569622582908
0.0,0.0,4.84,24.0,1569622583009
0.0,0.0,4.84,24.0,1569622583110
0.0,0.0,4.84,24.0,1569622583307
0.0,0.0,4.87,24.0,1569622583324
0.0,0.0,4.87,24.0,1569622583416
0.0,0.0,4.87,24.0,1569622583614
0.0,0.0,4.87,24.0,1569622583617
0.0,0.0,4.9,24.0,1569622583718
35.1625862121582,139.61575317382812,4.9,24.0,1569622583861
0.0,0.0,4.9,24.0,1569622583922
0.0,0.0,4.9,24.0,1569622583922
0.0,0.0,4.92,24.0,1569622584023
0.0,0.0,4.92,24.0,1569622584124
0.0,0.0,4.92,24.0,1569622584225
0.0,0.0,4.9,24.0,1569622584434
0.0,0.0,4.92,24.0,1569622584434
0.0,0.0,4.92,24.0,1569622584531
0.0,0.0,4.92,24.0,1569622584631
0.0,0.0,4.92,24.0,1569622584741
0.0,0.0,4.95,24.0,1569622584833
0.0,0.0,4.95,24.0,1569622584934
0.0,0.0,4.95,24.0,1569622585036
0.0,0.0,4.95,24.0,1569622585137
0.0,0.0,4.95,24.0,1569622585240
0.0,0.0,4.95,24.0,1569622585824
0.0,0.0,4.98,24.0,1569622585825
0.0,0.0,4.98,24.0,1569622585829
0.0,0.0,4.98,24.0,1569622585830
0.0,0.0,4.98,24.0,1569622585831
0.0,0.0,4.98,24.0,1569622585858
0.0,0.0,4.98,24.0,1569622585948
0.0,0.0,4.98,24.0,1569622586049
0.0,0.0,4.98,24.0,1569622586151
0.0,0.0,4.98,24.0,1569622586277
35.16260528564453,139.61573791503906,4.98,24.0,1569622586281
0.0,0.0,4.98,24.0,1569622586353
0.0,0.0,4.98,24.0,1569622586457
0.0,0.0,4.98,24.0,1569622586584
0.0,0.0,4.98,24.0,1569622586658
0.0,0.0,4.98,24.0,1569622586758
0.0,0.0,4.98,24.0,1569622586860
0.0,0.0,4.98,24.0,1569622586961
0.0,0.0,4.98,24.0,1569622587062
0.0,0.0,4.98,24.0,1569622587164
0.0,0.0,5.01,24.0,1569622587301
0.0,0.0,5.01,24.0,1569622587470
0.0,0.0,5.01,24.0,1569622587608
0.0,0.0,5.01,24.0,1569622587670
0.0,0.0,5.01,24.0,1569622587772
0.0,0.0,5.01,24.0,1569622587873
0.0,0.0,5.03,24.0,1569622587974
0.0,0.0,5.03,24.0,1569622588076
0.0,0.0,5.03,24.0,1569622588177
0.0,0.0,5.03,24.0,1569622588325
0.0,0.0,5.03,24.0,1569622588380
0.0,0.0,5.03,24.0,1569622588483
0.0,0.0,5.06,24.0,1569622588631
0.0,0.0,5.03,24.0,1569622588684
35.162620544433594,139.61572265625,5.03,24.0,1569622588685
0.0,0.0,5.03,24.0,1569622588785
0.0,0.0,5.06,24.0,1569622588939
0.0,0.0,5.06,24.0,1569622588988
0.0,0.0,5.06,24.0,1569622589089
0.0,0.0,5.06,24.0,1569622589190
0.0,0.0,5.06,24.0,1569622589291
0.0,0.0,5.06,24.0,1569622589451
0.0,0.0,5.06,24.0,1569622589496
0.0,0.0,5.06,24.0,1569622589595
0.0,0.0,5.06,24.0,1569622589758
0.0,0.0,5.09,24.0,1569622589799
0.0,0.0,5.09,24.0,1569622589900
0.0,0.0,5.09,24.0,1569622590019
0.0,0.0,5.09,24.0,1569622590102
0.0,0.0,5.09,24.0,1569622590205
0.0,0.0,5.09,24.0,1569622590305
0.0,0.0,5.09,24.0,1569622590885
0.0,0.0,5.09,24.0,1569622590885
0.0,0.0,5.09,24.0,1569622590886
0.0,0.0,5.09,24.0,1569622590886
0.0,0.0,5.09,24.0,1569622590886
0.0,0.0,5.09,24.0,1569622590915
0.0,0.0,5.09,24.0,1569622591014
35.16264724731445,139.61569213867188,5.09,24.0,1569622591015
0.0,0.0,5.09,24.0,1569622591115
0.0,0.0,5.06,24.0,1569622591397
0.0,0.0,5.06,24.0,1569622591420
0.0,0.0,5.06,24.0,1569622591523
0.0,0.0,5.03,24.0,1569622591704
0.0,0.0,5.03,24.0,1569622591724
0.0,0.0,5.03,24.0,1569622591825
0.0,0.0,5.03,24.0,1569622591926
0.0,0.0,5.03,24.0,1569622592027
0.0,0.0,5.03,24.0,1569622592216
0.0,0.0,5.03,24.0,1569622592230
0.0,0.0,5.03,24.0,1569622592331
0.0,0.0,5.01,24.0,1569622592523
0.0,0.0,5.01,24.0,1569622592536
0.0,0.0,5.01,24.0,1569622592635
0.0,0.0,5.01,24.0,1569622592838
0.0,0.0,5.01,24.0,1569622592839
0.0,0.0,5.03,24.0,1569622592940
0.0,0.0,5.03,24.0,1569622593041
0.0,0.0,5.03,24.0,1569622593142
0.0,0.0,5.03,24.0,1569622593342
0.0,0.0,5.01,24.0,1569622593345
35.162654876708984,139.6156768798828,5.01,24.0,1569622593345
0.0,0.0,5.01,24.0,1569622593446
0.0,0.0,5.03,24.0,1569622593650
0.0,0.0,5.03,24.0,1569622593650
0.0,0.0,5.01,24.0,1569622593750
0.0,0.0,5.01,24.0,1569622593955
0.0,0.0,5.01,24.0,1569622593960
0.0,0.0,5.01,24.0,1569622594056
0.0,0.0,5.03,24.0,1569622594155
0.0,0.0,5.03,24.0,1569622594258
0.0,0.0,5.03,24.0,1569622594460
0.0,0.0,5.03,24.0,1569622594563
0.0,0.0,5.03,24.0,1569622594673
0.0,0.0,5.03,24.0,1569622594763
0.0,0.0,5.03,24.0,1569622594865
0.0,0.0,5.03,24.0,1569622594981
0.0,0.0,5.03,24.0,1569622595068
0.0,0.0,5.03,24.0,1569622595169
0.0,0.0,5.03,24.0,1569622595270
0.0,0.0,5.03,24.0,1569622595905
0.0,0.0,5.03,24.0,1569622595905
0.0,0.0,5.03,24.0,1569622595907
0.0,0.0,5.03,24.0,1569622595910
0.0,0.0,5.03,24.0,1569622595911
0.0,0.0,5.03,24.0,1569622595912
0.0,0.0,5.06,24.0,1569622595980
0.0,0.0,5.03,24.0,1569622596238
0.0,0.0,5.01,24.0,1569622596258
0.0,0.0,5.03,24.0,1569622596285
0.0,0.0,5.03,24.0,1569622596528
0.0,0.0,5.03,24.0,1569622596529
0.0,0.0,5.03,24.0,1569622596591
0.0,0.0,5.03,24.0,1569622596821
0.0,0.0,5.03,24.0,1569622596822
0.0,0.0,5.01,24.0,1569622596894
0.0,0.0,5.01,24.0,1569622597119
0.0,0.0,5.01,24.0,1569622597121
35.16267013549805,139.6156463623047,5.01,24.0,1569622597123
0.0,0.0,5.01,24.0,1569622597198
0.0,0.0,5.01,24.0,1569622597427
0.0,0.0,5.01,24.0,1569622597428
0.0,0.0,5.01,24.0,1569622597502
0.0,0.0,5.01,24.0,1569622597716
0.0,0.0,5.01,24.0,1569622597716
0.0,0.0,5.01,24.0,1569622597805
0.0,0.0,5.01,24.0,1569622598025
0.0,0.0,5.01,24.0,1569622598026
0.0,0.0,5.01,24.0,1569622598110
0.0,0.0,5.01,24.0,1569622598328
0.0,0.0,5.01,24.0,1569622598329
0.0,0.0,5.01,24.0,1569622598413
0.0,0.0,5.01,24.0,1569622598633
0.0,0.0,5.01,24.0,1569622598634
0.0,0.0,5.01,24.0,1569622598717
0.0,0.0,5.01,24.0,1569622598937
0.0,0.0,5.01,24.0,1569622598938
0.0,0.0,5.01,24.0,1569622599021
0.0,0.0,4.98,24.0,1569622599240
0.0,0.0,5.01,24.0,1569622599260
0.0,0.0,5.01,24.0,1569622599325
0.0,0.0,4.98,24.0,1569622599427
35.16267395019531,139.61563110351562,4.98,24.0,1569622599430
0.0,0.0,4.98,24.0,1569622599528
0.0,0.0,4.98,24.0,1569622599631
0.0,0.0,4.98,24.0,1569622599731
0.0,0.0,4.98,24.0,1569622599896
0.0,0.0,4.98,24.0,1569622599936
0.0,0.0,4.98,24.0,1569622600035
0.0,0.0,4.98,24.0,1569622600136
0.0,0.0,4.98,24.0,1569622600237
0.0,0.0,4.98,24.0,1569622600921
0.0,0.0,4.98,24.0,1569622600923
0.0,0.0,4.98,24.0,1569622600923
0.0,0.0,4.98,24.0,1569622600924
0.0,0.0,4.98,24.0,1569622600924
0.0,0.0,4.98,24.0,1569622600924
0.0,0.0,4.98,24.0,1569622600947
0.0,0.0,4.98,24.0,1569622601048
0.0,0.0,4.98,24.0,1569622601149
0.0,0.0,4.98,24.0,1569622601251
0.0,0.0,5.01,24.0,1569622601432
0.0,0.0,5.01,24.0,1569622601555
0.0,0.0,5.01,24.0,1569622601739
0.0,0.0,5.01,24.0,1569622601757
0.0,0.0,5.01,24.0,1569622601859
0.0,0.0,5.01,24.0,1569622601961
0.0,0.0,5.01,24.0,1569622602061
0.0,0.0,5.01,24.0,1569622602251
0.0,0.0,5.01,24.0,1569622602264
0.0,0.0,5.03,24.0,1569622602366
0.0,0.0,5.03,24.0,1569622602558
0.0,0.0,5.03,24.0,1569622602568
0.0,0.0,5.03,24.0,1569622602671
0.0,0.0,5.03,24.0,1569622602865
0.0,0.0,5.03,24.0,1569622602872
0.0,0.0,5.03,24.0,1569622602973
0.0,0.0,5.03,24.0,1569622603075
0.0,0.0,5.03,24.0,1569622603176
0.0,0.0,5.03,24.0,1569622603377
0.0,0.0,5.03,24.0,1569622603379
0.0,0.0,5.03,24.0,1569622603484
0.0,0.0,5.03,24.0,1569622603685
0.0,0.0,5.03,24.0,1569622603692
0.0,0.0,5.03,24.0,1569622603784
0.0,0.0,5.06,24.0,1569622603992
0.0,0.0,5.06,24.0,1569622603993
35.162681579589844,139.61561584472656,5.06,24.0,1569622603993
0.0,0.0,5.06,24.0,1569622604088
0.0,0.0,5.06,24.0,1569622604189
0.0,0.0,5.06,24.0,1569622604291
0.0,0.0,5.06,24.0,1569622604392
0.0,0.0,5.06,24.0,1569622604504
0.0,0.0,5.06,24.0,1569622604595
0.0,0.0,5.06,24.0,1569622604699
0.0,0.0,5.06,24.0,1569622604811
0.0,0.0,5.06,24.0,1569622604899
0.0,0.0,5.06,24.0,1569622605001
0.0,0.0,5.06,24.0,1569622605102
0.0,0.0,5.06,24.0,1569622605203
0.0,0.0,5.06,24.0,1569622605304
0.0,0.0,5.06,24.0,1569622605834
0.0,0.0,5.03,24.0,1569622605834
0.0,0.0,5.06,24.0,1569622605835
0.0,0.0,5.03,24.0,1569622605835
0.0,0.0,5.03,24.0,1569622605835
0.0,0.0,5.03,24.0,1569622605912
0.0,0.0,5.03,24.0,1569622606014
0.0,0.0,5.03,24.0,1569622606115
0.0,0.0,5.03,24.0,1569622606216
0.0,0.0,5.03,24.0,1569622606347
35.162681579589844,139.61561584472656,5.03,24.0,1569622606352
0.0,0.0,5.03,24.0,1569622606421
0.0,0.0,5.03,24.0,1569622606520
0.0,0.0,5.03,24.0,1569622606653
0.0,0.0,5.03,24.0,1569622606725
0.0,0.0,5.03,24.0,1569622606824
0.0,0.0,5.03,24.0,1569622606925
0.0,0.0,5.03,24.0,1569622607027
0.0,0.0,5.03,24.0,1569622607128
0.0,0.0,5.06,24.0,1569622607229
0.0,0.0,5.06,24.0,1569622607371
0.0,0.0,5.06,24.0,1569622607432
0.0,0.0,5.06,24.0,1569622607533
0.0,0.0,5.06,24.0,1569622607678
0.0,0.0,5.06,24.0,1569622607738
0.0,0.0,5.06,24.0,1569622607838
0.0,0.0,5.06,24.0,1569622607939
0.0,0.0,5.06,24.0,1569622608040
0.0,0.0,5.06,24.0,1569622608141
0.0,0.0,5.06,24.0,1569622608243
0.0,0.0,5.06,24.0,1569622608395
0.0,0.0,5.06,24.0,1569622608445
0.0,0.0,5.06,24.0,1569622608547
0.0,0.0,5.06,24.0,1569622608702
35.16268539428711,139.6156005859375,5.06,24.0,1569622608703
0.0,0.0,5.06,24.0,1569622608752
0.0,0.0,5.06,24.0,1569622608851
0.0,0.0,5.09,24.0,1569622609010
0.0,0.0,5.09,24.0,1569622609054
0.0,0.0,5.09,24.0,1569622609155
0.0,0.0,5.09,24.0,1569622609256
0.0,0.0,5.09,24.0,1569622609357
0.0,0.0,5.09,24.0,1569622609521
0.0,0.0,5.09,24.0,1569622609560
0.0,0.0,5.09,24.0,1569622609661
0.0,0.0,5.12,24.0,1569622609835
0.0,0.0,5.12,24.0,1569622609864
0.0,0.0,5.12,24.0,1569622609966
0.0,0.0,5.12,24.0,1569622610075
0.0,0.0,5.12,24.0,1569622610168
0.0,0.0,5.12,24.0,1569622610269
0.0,0.0,5.12,24.0,1569622610425
0.0,0.0,5.09,24.0,1569622610472
0.0,0.0,5.09,24.0,1569622610648
0.0,0.0,5.09,24.0,1569622610675
0.0,0.0,5.09,24.0,1569622610778
0.0,0.0,5.09,24.0,1569622610955
0.0,0.0,5.09,24.0,1569622610979
0.0,0.0,5.09,24.0,1569622611080
35.162689208984375,139.6156005859375,5.09,24.0,1569622611080
0.0,0.0,5.09,24.0,1569622611672
0.0,0.0,5.09,24.0,1569622611684
0.0,0.0,5.09,24.0,1569622611685
0.0,0.0,5.06,24.0,1569622611685
0.0,0.0,5.06,24.0,1569622611685
0.0,0.0,5.06,24.0,1569622611791
0.0,0.0,5.06,24.0,1569622611891
0.0,0.0,5.06,24.0,1569622611992
0.0,0.0,5.06,24.0,1569622612093
0.0,0.0,5.03,24.0,1569622612194
0.0,0.0,5.03,24.0,1569622612389
0.0,0.0,5.03,24.0,1569622612397
0.0,0.0,5.03,24.0,1569622612499
0.0,0.0,5.03,24.0,1569622612695
0.0,0.0,5.03,24.0,1569622612701
0.0,0.0,5.03,24.0,1569622612805
0.0,0.0,5.03,24.0,1569622612940
0.0,0.0,5.03,24.0,1569622613005
0.0,0.0,5.03,24.0,1569622613107
0.0,0.0,5.03,24.0,1569622613208
0.0,0.0,5.03,24.0,1569622613309
0.0,0.0,5.03,24.0,1569622613515
0.0,0.0,5.03,24.0,1569622613516
0.0,0.0,5.03,24.0,1569622613616
0.0,0.0,5.03,24.0,1569622613715
0.0,0.0,5.03,24.0,1569622613925
0.0,0.0,5.03,24.0,1569622613925
0.0,0.0,5.06,24.0,1569622614019
0.0,0.0,5.06,24.0,1569622614120
0.0,0.0,5.06,24.0,1569622614222
0.0,0.0,5.06,24.0,1569622614323
0.0,0.0,5.06,24.0,1569622614436
0.0,0.0,5.09,24.0,1569622614525
0.0,0.0,5.09,24.0,1569622614627
0.0,0.0,5.09,24.0,1569622614744
0.0,0.0,5.09,24.0,1569622614831
0.0,0.0,5.12,24.0,1569622614930
0.0,0.0,5.12,24.0,1569622615051
0.0,0.0,5.12,24.0,1569622615134
0.0,0.0,5.12,24.0,1569622615236
0.0,0.0,5.12,24.0,1569622615336
0.0,0.0,5.14,24.0,1569622615437
0.0,0.0,5.14,24.0,1569622615563
0.0,0.0,5.14,24.0,1569622615640
35.162696838378906,139.61557006835938,5.14,24.0,1569622615641
0.0,0.0,5.14,24.0,1569622615741
0.0,0.0,5.14,24.0,1569622615871
0.0,0.0,5.17,24.0,1569622615944
0.0,0.0,5.14,24.0,1569622616046
0.0,0.0,5.14,24.0,1569622616591
0.0,0.0,5.14,24.0,1569622616594
0.0,0.0,5.17,24.0,1569622616594
0.0,0.0,5.17,24.0,1569622616595
0.0,0.0,5.17,24.0,1569622616595
0.0,0.0,5.17,24.0,1569622616790
0.0,0.0,5.17,24.0,1569622616790
0.0,0.0,5.17,24.0,1569622616858
0.0,0.0,5.17,24.0,1569622617079
0.0,0.0,5.17,24.0,1569622617080
0.0,0.0,5.17,24.0,1569622617161
0.0,0.0,5.17,24.0,1569622617377
0.0,0.0,5.17,24.0,1569622617377
0.0,0.0,5.17,24.0,1569622617464
0.0,0.0,5.17,24.0,1569622617663
0.0,0.0,5.17,24.0,1569622617669
0.0,0.0,5.17,24.0,1569622617768
0.0,0.0,5.14,24.0,1569622617969
0.0,0.0,5.14,24.0,1569622617972
0.0,0.0,5.17,24.0,1569622618073
0.0,0.0,5.14,24.0,1569622618275
0.0,0.0,5.14,24.0,1569622618276
0.0,0.0,5.14,24.0,1569622618377
0.0,0.0,5.14,24.0,1569622618578
0.0,0.0,5.14,24.0,1569622618579
0.0,0.0,5.12,24.0,1569622618681
0.0,0.0,5.12,24.0,1569622618884
0.0,0.0,5.12,24.0,1569622618885
0.0,0.0,5.12,24.0,1569622618984
35.1627197265625,139.6155548095703,5.12,24.0,1569622618985
0.0,0.0,5.12,24.0,1569622619188
0.0,0.0,5.12,24.0,1569622619189
0.0,0.0,5.12,24.0,1569622619288
0.0,0.0,5.09,24.0,1569622619390
0.0,0.0,5.09,24.0,1569622619557
0.0,0.0,5.09,24.0,1569622619592
0.0,0.0,5.09,24.0,1569622619693
0.0,0.0,5.09,24.0,1569622619795
0.0,0.0,5.09,24.0,1569622619898
0.0,0.0,5.09,24.0,1569622620069
0.0,0.0,5.09,24.0,1569622620099
0.0,0.0,5.09,24.0,1569622620200
0.0,0.0,5.09,24.0,1569622620302
0.0,0.0,5.09,24.0,1569622620403
0.0,0.0,5.09,24.0,1569622620581
0.0,0.0,5.09,24.0,1569622620606
0.0,0.0,5.06,24.0,1569622620707
0.0,0.0,5.06,24.0,1569622620888
0.0,0.0,5.06,24.0,1569622620912
0.0,0.0,5.06,24.0,1569622621011
0.0,0.0,5.06,24.0,1569622621605
0.0,0.0,5.06,24.0,1569622621606
0.0,0.0,5.06,24.0,1569622621606
0.0,0.0,5.06,24.0,1569622621624
0.0,0.0,5.09,24.0,1569622621625
0.0,0.0,5.09,24.0,1569622621625
35.16273498535156,139.61553955078125,5.09,24.0,1569622621642
0.0,0.0,5.09,24.0,1569622621721
0.0,0.0,5.09,24.0,1569622621821
0.0,0.0,5.12,24.0,1569622622117
0.0,0.0,5.12,24.0,1569622622126
0.0,0.0,5.12,24.0,1569622622227
0.0,0.0,5.12,24.0,1569622622328
0.0,0.0,5.14,24.0,1569622622430
0.0,0.0,5.14,24.0,1569622622628
0.0,0.0,5.14,24.0,1569622622632
0.0,0.0,5.14,24.0,1569622622734
0.0,0.0,5.14,24.0,1569622622936
0.0,0.0,5.17,24.0,1569622622943
0.0,0.0,5.17,24.0,1569622623037
0.0,0.0,5.17,24.0,1569622623176
0.0,0.0,5.17,24.0,1569622623240
0.0,0.0,5.2,24.0,1569622623342
0.0,0.0,5.2,24.0,1569622623444
0.0,0.0,5.2,24.0,1569622623544
0.0,0.0,5.2,24.0,1569622623653
0.0,0.0,5.2,24.0,1569622623747
0.0,0.0,5.2,24.0,1569622623848
0.0,0.0,5.2,24.0,1569622623960
35.162750244140625,139.61550903320312,5.2,24.0,1569622623964
0.0,0.0,5.2,24.0,1569622624051
0.0,0.0,5.22,24.0,1569622624152
0.0,0.0,5.22,24.0,1569622624254
0.0,0.0,5.22,24.0,1569622624355
0.0,0.0,5.22,24.0,1569622624456
0.0,0.0,5.22,24.0,1569622624558
0.0,0.0,5.22,24.0,1569622624676
0.0,0.0,5.22,24.0,1569622624760
0.0,0.0,5.22,24.0,1569622624862
0.0,0.0,5.22,24.0,1569622624984
0.0,0.0,5.22,24.0,1569622625064
0.0,0.0,5.22,24.0,1569622625166
0.0,0.0,5.22,24.0,1569622625267
0.0,0.0,5.22,24.0,1569622625369
0.0,0.0,5.22,24.0,1569622625470
0.0,0.0,5.2,24.0,1569622625571
0.0,0.0,5.2,24.0,1569622625700
0.0,0.0,5.2,24.0,1569622625784
0.0,0.0,5.2,24.0,1569622625875
0.0,0.0,5.2,24.0,1569622626008
0.0,0.0,5.2,24.0,1569622626078
0.0,0.0,5.22,24.0,1569622626622
0.0,0.0,5.22,24.0,1569622626623
0.0,0.0,5.22,24.0,1569622626623
0.0,0.0,5.22,24.0,1569622626623
0.0,0.0,5.2,24.0,1569622626624
0.0,0.0,5.2,24.0,1569622626687
0.0,0.0,5.2,24.0,1569622626788
0.0,0.0,5.2,24.0,1569622626888
0.0,0.0,5.22,24.0,1569622626992
0.0,0.0,5.22,24.0,1569622627134
0.0,0.0,5.22,24.0,1569622627193
0.0,0.0,5.22,24.0,1569622627294
0.0,0.0,5.22,24.0,1569622627395
0.0,0.0,5.22,24.0,1569622627497
0.0,0.0,5.22,24.0,1569622627646
35.16279220581055,139.615478515625,5.22,24.0,1569622627647
0.0,0.0,5.22,24.0,1569622627699
0.0,0.0,5.22,24.0,1569622627803
0.0,0.0,5.22,24.0,1569622627953
0.0,0.0,5.22,24.0,1569622628005
0.0,0.0,5.22,24.0,1569622628105
0.0,0.0,5.22,24.0,1569622628206
0.0,0.0,5.22,24.0,1569622628307
0.0,0.0,5.22,24.0,1569622628409
0.0,0.0,5.22,24.0,1569622628510
0.0,0.0,5.22,24.0,1569622628671
0.0,0.0,5.22,24.0,1569622628714
0.0,0.0,5.22,24.0,1569622628814
0.0,0.0,5.22,24.0,1569622628977
0.0,0.0,5.22,24.0,1569622629020
0.0,0.0,5.22,24.0,1569622629118
0.0,0.0,5.25,24.0,1569622629219
0.0,0.0,5.25,24.0,1569622629320
0.0,0.0,5.25,24.0,1569622629422
0.0,0.0,5.25,24.0,1569622629523
0.0,0.0,5.25,24.0,1569622629694
0.0,0.0,5.25,24.0,1569622629726
0.0,0.0,5.28,24.0,1569622629828
0.0,0.0,5.28,24.0,1569622630001
0.0,0.0,5.28,24.0,1569622630032
0.0,0.0,5.31,24.0,1569622630131
0.0,0.0,5.31,24.0,1569622630233
0.0,0.0,5.31,24.0,1569622630334
0.0,0.0,5.31,24.0,1569622630435
0.0,0.0,5.31,24.0,1569622630536
0.0,0.0,5.33,24.0,1569622630717
0.0,0.0,5.33,24.0,1569622630739
0.0,0.0,5.33,24.0,1569622630841
0.0,0.0,5.33,24.0,1569622631025
0.0,0.0,5.33,24.0,1569622631045
35.16282653808594,139.6154327392578,5.33,24.0,1569622631046
0.0,0.0,5.33,24.0,1569622631640
0.0,0.0,5.33,24.0,1569622631642
0.0,0.0,5.33,24.0,1569622631643
0.0,0.0,5.33,24.0,1569622631643
0.0,0.0,5.33,24.0,1569622631643
0.0,0.0,5.33,24.0,1569622631653
0.0,0.0,5.36,24.0,1569622631753
0.0,0.0,5.36,24.0,1569622631854
0.0,0.0,5.36,24.0,1569622631955
0.0,0.0,5.36,24.0,1569622632152
0.0,0.0,5.36,24.0,1569622632158
0.0,0.0,5.36,24.0,1569622632259
0.0,0.0,5.36,24.0,1569622632361
0.0,0.0,5.33,24.0,1569622632462
0.0,0.0,5.33,24.0,1569622632664
0.0,0.0,5.33,24.0,1569622632664
0.0,0.0,5.31,24.0,1569622632766
0.0,0.0,5.31,24.0,1569622632868
0.0,0.0,5.31,24.0,1569622632968
0.0,0.0,5.28,24.0,1569622633072
0.0,0.0,5.28,24.0,1569622633173
0.0,0.0,5.25,24.0,1569622633273
0.0,0.0,5.25,24.0,1569622633374
35.162837982177734,139.61541748046875,5.25,24.0,1569622633374
0.0,0.0,5.25,24.0,1569622633481
0.0,0.0,5.22,24.0,1569622633577
0.0,0.0,5.22,24.0,1569622633678
0.0,0.0,5.22,24.0,1569622633790
0.0,0.0,5.22,24.0,1569622633882
0.0,0.0,5.2,24.0,1569622633983
0.0,0.0,5.2,24.0,1569622634100
0.0,0.0,5.2,24.0,1569622634186
0.0,0.0,5.2,24.0,1569622634287
0.0,0.0,5.2,24.0,1569622634388
0.0,0.0,5.2,24.0,1569622634490
0.0,0.0,5.2,24.0,1569622634609
0.0,0.0,5.2,24.0,1569622634693
0.0,0.0,5.2,24.0,1569622634794
0.0,0.0,5.2,24.0,1569622634916
0.0,0.0,5.2,24.0,1569622634996
0.0,0.0,5.2,24.0,1569622635100
0.0,0.0,5.2,24.0,1569622635224
0.0,0.0,5.2,24.0,1569622635301
0.0,0.0,5.2,24.0,1569622635402
0.0,0.0,5.2,24.0,1569622635503
0.0,0.0,5.17,24.0,1569622635604
0.0,0.0,5.17,24.0,1569622635736
35.16284942626953,139.6154022216797,5.17,24.0,1569622635736
0.0,0.0,5.17,24.0,1569622635807
0.0,0.0,5.17,24.0,1569622635908
0.0,0.0,5.17,24.0,1569622636043
0.0,0.0,5.17,24.0,1569622636591
0.0,0.0,5.17,24.0,1569622636625
0.0,0.0,5.17,24.0,1569622636626
0.0,0.0,5.17,24.0,1569622636626
0.0,0.0,5.14,24.0,1569622636626
0.0,0.0,5.14,24.0,1569622636627
0.0,0.0,5.17,24.0,1569622636804
0.0,0.0,5.14,24.0,1569622636823
0.0,0.0,5.14,24.0,1569622636922
0.0,0.0,5.14,24.0,1569622637094
0.0,0.0,5.14,24.0,1569622637127
0.0,0.0,5.14,24.0,1569622637383
0.0,0.0,5.14,24.0,1569622637384
0.0,0.0,5.14,24.0,1569622637429
0.0,0.0,5.14,24.0,1569622637671
0.0,0.0,5.14,24.0,1569622637671
0.0,0.0,5.14,24.0,1569622637733
0.0,0.0,5.12,24.0,1569622637981
0.0,0.0,5.12,24.0,1569622637982
0.0,0.0,5.09,24.0,1569622638037
0.0,0.0,5.09,24.0,1569622638284
0.0,0.0,5.09,24.0,1569622638285
0.0,0.0,5.09,24.0,1569622638341
0.0,0.0,5.09,24.0,1569622638591
0.0,0.0,5.09,24.0,1569622638592
0.0,0.0,5.09,24.0,1569622638645
0.0,0.0,5.09,24.0,1569622638895
0.0,0.0,5.09,24.0,1569622638896
0.0,0.0,5.09,24.0,1569622638948
0.0,0.0,5.09,24.0,1569622639201
0.0,0.0,5.09,24.0,1569622639201
0.0,0.0,5.09,24.0,1569622639254
0.0,0.0,5.06,24.0,1569622639354
35.16286849975586,139.6153564453125,5.06,24.0,1569622639355
0.0,0.0,5.06,24.0,1569622639455
0.0,0.0,5.06,24.0,1569622639556
0.0,0.0,5.06,24.0,1569622639658
0.0,0.0,5.06,24.0,1569622639836
0.0,0.0,5.06,24.0,1569622639864
0.0,0.0,5.06,24.0,1569622639962
0.0,0.0,5.06,24.0,1569622640139
0.0,0.0,5.06,24.0,1569622640166
0.0,0.0,5.06,24.0,1569622640266
0.0,0.0,5.06,24.0,1569622640367
0.0,0.0,5.06,24.0,1569622640468
0.0,0.0,5.06,24.0,1569622640571
0.0,0.0,5.06,24.0,1569622640671
0.0,0.0,5.06,24.0,1569622640857
0.0,0.0,5.06,24.0,1569622640874
0.0,0.0,5.06,24.0,1569622640975
0.0,0.0,5.06,24.0,1569622641163
0.0,0.0,5.06,24.0,1569622641180
0.0,0.0,5.06,24.0,1569622641279
0.0,0.0,5.06,24.0,1569622641880
35.162879943847656,139.61532592773438,5.06,24.0,1569622641880
0.0,0.0,5.06,24.0,1569622641881
0.0,0.0,5.06,24.0,1569622641881
0.0,0.0,5.06,24.0,1569622641882
0.0,0.0,5.09,24.0,1569622641883
0.0,0.0,5.09,24.0,1569622641887
0.0,0.0,5.06,24.0,1569622641988
0.0,0.0,5.06,24.0,1569622642090
0.0,0.0,5.06,24.0,1569622642193
0.0,0.0,5.06,24.0,1569622642292
0.0,0.0,5.06,24.0,1569622642394
0.0,0.0,5.06,24.0,1569622642595
0.0,0.0,5.06,24.0,1569622642597
0.0,0.0,5.06,24.0,1569622642697
0.0,0.0,5.06,24.0,1569622642904
0.0,0.0,5.06,24.0,1569622642905
0.0,0.0,5.06,24.0,1569622643003
0.0,0.0,5.06,24.0,1569622643103
0.0,0.0,5.06,24.0,1569622643231
0.0,0.0,5.06,24.0,1569622643305
0.0,0.0,5.06,24.0,1569622643407
0.0,0.0,5.06,24.0,1569622643508
0.0,0.0,5.06,24.0,1569622643609
0.0,0.0,5.06,24.0,1569622643723
0.0,0.0,5.06,24.0,1569622643812
0.0,0.0,5.06,24.0,1569622643913
0.0,0.0,5.06,24.0,1569622644030
0.0,0.0,5.06,24.0,1569622644116
0.0,0.0,5.09,24.0,1569622644219
0.0,0.0,5.09,24.0,1569622644319
0.0,0.0,5.09,24.0,1569622644422
0.0,0.0,5.09,24.0,1569622644522
0.0,0.0,5.09,24.0,1569622644623
0.0,0.0,5.09,24.0,1569622644747
0.0,0.0,5.09,24.0,1569622644825
0.0,0.0,5.12,24.0,1569622644927
0.0,0.0,5.12,24.0,1569622645054
0.0,0.0,5.12,24.0,1569622645130
0.0,0.0,5.12,24.0,1569622645233
0.0,0.0,5.12,24.0,1569622645332
35.16290283203125,139.6152801513672,5.12,24.0,1569622645333
0.0,0.0,5.12,24.0,1569622645434
0.0,0.0,5.12,24.0,1569622645535
0.0,0.0,5.12,24.0,1569622645637
0.0,0.0,5.12,24.0,1569622645770
0.0,0.0,5.14,24.0,1569622645839
0.0,0.0,5.14,24.0,1569622645941
0.0,0.0,5.14,24.0,1569622646078
0.0,0.0,5.14,24.0,1569622646143
0.0,0.0,5.14,24.0,1569622646898
0.0,0.0,5.14,24.0,1569622646899
0.0,0.0,5.14,24.0,1569622646899
0.0,0.0,5.14,24.0,1569622646899
0.0,0.0,5.17,24.0,1569622646900
0.0,0.0,5.17,24.0,1569622646900
0.0,0.0,5.17,24.0,1569622646954
0.0,0.0,5.17,24.0,1569622647055
0.0,0.0,5.17,24.0,1569622647157
0.0,0.0,5.17,24.0,1569622647260
0.0,0.0,5.17,24.0,1569622647359
0.0,0.0,5.14,24.0,1569622647461
0.0,0.0,5.14,24.0,1569622647614
0.0,0.0,5.14,24.0,1569622647663
0.0,0.0,5.14,24.0,1569622647765
0.0,0.0,5.14,24.0,1569622647921
0.0,0.0,5.14,24.0,1569622647967
0.0,0.0,5.12,24.0,1569622648069
0.0,0.0,5.12,24.0,1569622648228
0.0,0.0,5.12,24.0,1569622648274
0.0,0.0,5.12,24.0,1569622648374
0.0,0.0,5.12,24.0,1569622648474
0.0,0.0,5.12,24.0,1569622648575
0.0,0.0,5.12,24.0,1569622648740
0.0,0.0,5.14,24.0,1569622648780
0.0,0.0,5.14,24.0,1569622648879
0.0,0.0,5.14,24.0,1569622649048
0.0,0.0,5.14,24.0,1569622649082
0.0,0.0,5.14,24.0,1569622649183
0.0,0.0,5.14,24.0,1569622649287
0.0,0.0,5.12,24.0,1569622649386
0.0,0.0,5.14,24.0,1569622649488
0.0,0.0,5.14,24.0,1569622649589
0.0,0.0,5.14,24.0,1569622649764
0.0,0.0,5.14,24.0,1569622649791
35.16292953491211,139.615234375,5.14,24.0,1569622649792
0.0,0.0,5.14,24.0,1569622649893
0.0,0.0,5.14,24.0,1569622650072
0.0,0.0,5.14,24.0,1569622650107
0.0,0.0,5.14,24.0,1569622650197
0.0,0.0,5.14,24.0,1569622650301
0.0,0.0,5.14,24.0,1569622650399
0.0,0.0,5.12,24.0,1569622650501
0.0,0.0,5.12,24.0,1569622650602
0.0,0.0,5.12,24.0,1569622650788
0.0,0.0,5.12,24.0,1569622650805
0.0,0.0,5.12,24.0,1569622650906
0.0,0.0,5.12,24.0,1569622651096
0.0,0.0,5.12,24.0,1569622651109
0.0,0.0,5.12,24.0,1569622651210
0.0,0.0,5.12,24.0,1569622651403
0.0,0.0,5.12,24.0,1569622651413
0.0,0.0,5.12,24.0,1569622651514
0.0,0.0,5.12,24.0,1569622651713
0.0,0.0,5.12,24.0,1569622651717
0.0,0.0,5.12,24.0,1569622651818
0.0,0.0,5.09,24.0,1569622652018
0.0,0.0,5.09,24.0,1569622652021
0.0,0.0,5.06,24.0,1569622652121
35.16294479370117,139.61520385742188,5.06,24.0,1569622652123
0.0,0.0,5.06,24.0,1569622652241
0.0,0.0,5.06,24.0,1569622652326
0.0,0.0,5.06,24.0,1569622652425
0.0,0.0,5.06,24.0,1569622652527
0.0,0.0,5.06,24.0,1569622652628
0.0,0.0,5.03,24.0,1569622653137
0.0,0.0,5.03,24.0,1569622653246
0.0,0.0,5.06,24.0,1569622653340
0.0,0.0,5.06,24.0,1569622653439
0.0,0.0,5.06,24.0,1569622653540
0.0,0.0,5.06,24.0,1569622653642
0.0,0.0,5.06,24.0,1569622653758
0.0,0.0,5.06,24.0,1569622653844
0.0,0.0,5.06,24.0,1569622653945
0.0,0.0,5.06,24.0,1569622654065
0.0,0.0,5.06,24.0,1569622654148
0.0,0.0,5.06,24.0,1569622654250
0.0,0.0,5.06,24.0,1569622654353
0.0,0.0,5.06,24.0,1569622654452
0.0,0.0,5.06,24.0,1569622654553
35.1629638671875,139.6151885986328,5.06,24.0,1569622654554
0.0,0.0,5.09,24.0,1569622654655
0.0,0.0,5.09,24.0,1569622654781
0.0,0.0,5.09,24.0,1569622654857
0.0,0.0,5.09,24.0,1569622654959
0.0,0.0,5.09,24.0,1569622655089
0.0,0.0,5.09,24.0,1569622655162
0.0,0.0,5.09,24.0,1569622655263
0.0,0.0,5.09,24.0,1569622655366
0.0,0.0,5.09,24.0,1569622655465
0.0,0.0,5.12,24.0,1569622655567
0.0,0.0,5.12,24.0,1569622655668
0.0,0.0,5.12,24.0,1569622655805
0.0,0.0,5.12,24.0,1569622655872
0.0,0.0,5.12,24.0,1569622655972
0.0,0.0,5.12,24.0,1569622656113
0.0,0.0,5.14,24.0,1569622656286
0.0,0.0,5.14,24.0,1569622656287
0.0,0.0,5.14,24.0,1569622656566
0.0,0.0,5.14,24.0,1569622656567
0.0,0.0,5.14,24.0,1569622656581
0.0,0.0,5.14,24.0,1569622656682
0.0,0.0,5.14,24.0,1569622656838
0.0,0.0,5.14,24.0,1569622656885
35.16299819946289,139.61514282226562,5.14,24.0,1569622656886
0.0,0.0,5.14,24.0,1569622657118
0.0,0.0,5.14,24.0,1569622657119
0.0,0.0,5.14,24.0,1569622657189
0.0,0.0,5.14,24.0,1569622657415
0.0,0.0,5.12,24.0,1569622657416
0.0,0.0,5.12,24.0,1569622657786
0.0,0.0,5.12,24.0,1569622657792
0.0,0.0,5.14,24.0,1569622657793
0.0,0.0,5.14,24.0,1569622657800
0.0,0.0,5.14,24.0,1569622657995
0.0,0.0,5.12,24.0,1569622658006
0.0,0.0,5.14,24.0,1569622658101
0.0,0.0,5.14,24.0,1569622658301
0.0,0.0,5.14,24.0,1569622658303
0.0,0.0,5.14,24.0,1569622658407
0.0,0.0,5.14,24.0,1569622658603
0.0,0.0,5.14,24.0,1569622658607
0.0,0.0,5.14,24.0,1569622658709
0.0,0.0,5.14,24.0,1569622658908
0.0,0.0,5.14,24.0,1569622658915
0.0,0.0,5.14,24.0,1569622659013
0.0,0.0,5.14,24.0,1569622659210
0.0,0.0,5.14,24.0,1569622659218
0.0,0.0,5.14,24.0,1569622659317
0.0,0.0,5.14,24.0,1569622659420
0.0,0.0,5.14,24.0,1569622659594
0.0,0.0,5.14,24.0,1569622659621
0.0,0.0,5.14,24.0,1569622659722
0.0,0.0,5.14,24.0,1569622659902
0.0,0.0,5.17,24.0,1569622659925
0.0,0.0,5.17,24.0,1569622660026
0.0,0.0,5.17,24.0,1569622660209
0.0,0.0,5.17,24.0,1569622660229
0.0,0.0,5.17,24.0,1569622660331
0.0,0.0,5.17,24.0,1569622660434
0.0,0.0,5.17,24.0,1569622660533
0.0,0.0,5.17,24.0,1569622661131
0.0,0.0,5.17,24.0,1569622661143
0.0,0.0,5.17,24.0,1569622661144
0.0,0.0,5.17,24.0,1569622661144
0.0,0.0,5.17,24.0,1569622661144
0.0,0.0,5.17,24.0,1569622661145
0.0,0.0,5.17,24.0,1569622661242
0.0,0.0,5.17,24.0,1569622661343
0.0,0.0,5.17,24.0,1569622661447
35.163028717041016,139.6151123046875,5.17,24.0,1569622661447
0.0,0.0,5.14,24.0,1569622661643
0.0,0.0,5.14,24.0,1569622661647
0.0,0.0,5.14,24.0,1569622661748
0.0,0.0,5.14,24.0,1569622661950
0.0,0.0,5.14,24.0,1569622661952
0.0,0.0,5.14,24.0,1569622662053
0.0,0.0,5.14,24.0,1569622662257
0.0,0.0,5.14,24.0,1569622662258
0.0,0.0,5.12,24.0,1569622662359
0.0,0.0,5.12,24.0,1569622662461
0.0,0.0,5.12,24.0,1569622662559
0.0,0.0,5.12,24.0,1569622662661
0.0,0.0,5.12,24.0,1569622662763
0.0,0.0,5.09,24.0,1569622662863
0.0,0.0,5.09,24.0,1569622662972
0.0,0.0,5.09,24.0,1569622663065
0.0,0.0,5.09,24.0,1569622663167
0.0,0.0,5.09,24.0,1569622663281
0.0,0.0,5.09,24.0,1569622663369
0.0,0.0,5.09,24.0,1569622663474
0.0,0.0,5.09,24.0,1569622663588
0.0,0.0,5.09,24.0,1569622663673
0.0,0.0,5.09,24.0,1569622663775
0.0,0.0,5.09,24.0,1569622663896
0.0,0.0,5.09,24.0,1569622663977
0.0,0.0,5.12,24.0,1569622664079
0.0,0.0,5.12,24.0,1569622664204
0.0,0.0,5.09,24.0,1569622664282
0.0,0.0,5.09,24.0,1569622664384
0.0,0.0,5.12,24.0,1569622664486
0.0,0.0,5.12,24.0,1569622664586
0.0,0.0,5.12,24.0,1569622664715
0.0,0.0,5.12,24.0,1569622664789
0.0,0.0,5.12,24.0,1569622664890
35.163047790527344,139.61508178710938,5.12,24.0,1569622664890
0.0,0.0,5.12,24.0,1569622665022
0.0,0.0,5.14,24.0,1569622665093
0.0,0.0,5.14,24.0,1569622665194
0.0,0.0,5.14,24.0,1569622665329
0.0,0.0,5.14,24.0,1569622665397
0.0,0.0,5.14,24.0,1569622665500
0.0,0.0,5.14,24.0,1569622665600
0.0,0.0,5.14,24.0,1569622666148
0.0,0.0,5.14,24.0,1569622666149
0.0,0.0,5.14,24.0,1569622666149
0.0,0.0,5.14,24.0,1569622666149
0.0,0.0,5.14,24.0,1569622666150
0.0,0.0,5.14,24.0,1569622666207
0.0,0.0,5.14,24.0,1569622666309
0.0,0.0,5.17,24.0,1569622666410
0.0,0.0,5.14,24.0,1569622666513
0.0,0.0,5.14,24.0,1569622666660
0.0,0.0,5.14,24.0,1569622666714
0.0,0.0,5.14,24.0,1569622666815
0.0,0.0,5.14,24.0,1569622666967
0.0,0.0,5.12,24.0,1569622667018
0.0,0.0,5.12,24.0,1569622667119
0.0,0.0,5.12,24.0,1569622667275
35.16305923461914,139.6150665283203,5.12,24.0,1569622667275
0.0,0.0,5.12,24.0,1569622667324
0.0,0.0,5.12,24.0,1569622667424
0.0,0.0,5.09,24.0,1569622667527
0.0,0.0,5.09,24.0,1569622667626
0.0,0.0,5.09,24.0,1569622667727
0.0,0.0,5.09,24.0,1569622667831
0.0,0.0,5.09,24.0,1569622667991
0.0,0.0,5.09,24.0,1569622668031
0.0,0.0,5.09,24.0,1569622668132
0.0,0.0,5.06,24.0,1569622668299
0.0,0.0,5.06,24.0,1569622668336
0.0,0.0,5.06,24.0,1569622668437
0.0,0.0,5.06,24.0,1569622668606
0.0,0.0,5.03,24.0,1569622668639
0.0,0.0,5.03,24.0,1569622668740
0.0,0.0,5.03,24.0,1569622668913
0.0,0.0,5.03,24.0,1569622668943
0.0,0.0,5.03,24.0,1569622669044
0.0,0.0,5.03,24.0,1569622669220
0.0,0.0,5.03,24.0,1569622669247
0.0,0.0,5.01,24.0,1569622669348
0.0,0.0,5.01,24.0,1569622669450
0.0,0.0,5.01,24.0,1569622669553
0.0,0.0,5.01,24.0,1569622669652
0.0,0.0,5.01,24.0,1569622669754
0.0,0.0,5.01,24.0,1569622669937
0.0,0.0,5.01,24.0,1569622669957
0.0,0.0,5.01,24.0,1569622670058
0.0,0.0,5.01,24.0,1569622670248
0.0,0.0,5.01,24.0,1569622670261
0.0,0.0,5.01,24.0,1569622670362
0.0,0.0,5.01,24.0,1569622670463
0.0,0.0,5.01,24.0,1569622671166
0.0,0.0,5.01,24.0,1569622671167
0.0,0.0,5.01,24.0,1569622671168
35.1630744934082,139.6150360107422,5.01,24.0,1569622671169
0.0,0.0,5.01,24.0,1569622671170
0.0,0.0,5.01,24.0,1569622671200
0.0,0.0,5.01,24.0,1569622671201
0.0,0.0,5.01,24.0,1569622671274
0.0,0.0,5.01,24.0,1569622671375
0.0,0.0,5.01,24.0,1569622671476
0.0,0.0,4.98,24.0,1569622671678
0.0,0.0,4.98,24.0,1569622671683
0.0,0.0,4.98,24.0,1569622671780
0.0,0.0,4.98,24.0,1569622671985
0.0,0.0,4.98,24.0,1569622671986
0.0,0.0,4.98,24.0,1569622672084
0.0,0.0,4.98,24.0,1569622672292
0.0,0.0,5.01,24.0,1569622672293
0.0,0.0,4.98,24.0,1569622672389
0.0,0.0,4.98,24.0,1569622672490
0.0,0.0,4.98,24.0,1569622672593
0.0,0.0,4.98,24.0,1569622672692
0.0,0.0,4.98,24.0,1569622672794
0.0,0.0,4.98,24.0,1569622672895
0.0,0.0,4.98,24.0,1569622673009
0.0,0.0,4.98,24.0,1569622673097
0.0,0.0,4.98,24.0,1569622673201
0.0,0.0,4.95,24.0,1569622673316
0.0,0.0,4.95,24.0,1569622673401
0.0,0.0,4.95,24.0,1569622673503
0.0,0.0,4.95,24.0,1569622673606
0.0,0.0,4.95,24.0,1569622673705
0.0,0.0,4.95,24.0,1569622673807
0.0,0.0,4.95,24.0,1569622673908
0.0,0.0,4.95,24.0,1569622674033
0.0,0.0,4.95,24.0,1569622674111
0.0,0.0,4.95,24.0,1569622674212
0.0,0.0,4.95,24.0,1569622674340
0.0,0.0,4.95,24.0,1569622674424
0.0,0.0,4.95,24.0,1569622674516
0.0,0.0,4.95,24.0,1569622674620
0.0,0.0,4.92,24.0,1569622674719
0.0,0.0,4.92,24.0,1569622674820
0.0,0.0,4.92,24.0,1569622674921
0.0,0.0,4.92,24.0,1569622675057
0.0,0.0,4.92,24.0,1569622675124
0.0,0.0,4.92,24.0,1569622675226
0.0,0.0,4.92,24.0,1569622675364
0.0,0.0,4.92,24.0,1569622675428
0.0,0.0,4.92,24.0,1569622675529
0.0,0.0,4.92,24.0,1569622675705
0.0,0.0,4.92,24.0,1569622675732
35.163089752197266,139.61500549316406,4.92,24.0,1569622675736
0.0,0.0,4.95,24.0,1569622675834
0.0,0.0,4.95,24.0,1569622675935
0.0,0.0,4.95,24.0,1569622676082
0.0,0.0,4.95,24.0,1569622676834
0.0,0.0,4.95,24.0,1569622676853
0.0,0.0,4.95,24.0,1569622676854
0.0,0.0,4.98,24.0,1569622676854
0.0,0.0,4.98,24.0,1569622676854
0.0,0.0,4.98,24.0,1569622676854
0.0,0.0,4.98,24.0,1569622676854
0.0,0.0,4.98,24.0,1569622676855
0.0,0.0,4.98,24.0,1569622676948
0.0,0.0,4.98,24.0,1569622677114
0.0,0.0,4.98,24.0,1569622677151
0.0,0.0,5.01,24.0,1569622677402
0.0,0.0,5.01,24.0,1569622677403
0.0,0.0,5.01,24.0,1569622677455
0.0,0.0,5.01,24.0,1569622677692
0.0,0.0,5.01,24.0,1569622677693
0.0,0.0,5.01,24.0,1569622677759
0.0,0.0,5.01,24.0,1569622677995
0.0,0.0,5.03,24.0,1569622677996
0.0,0.0,5.03,24.0,1569622678063
0.0,0.0,5.03,24.0,1569622678301
0.0,0.0,5.03,24.0,1569622678302
0.0,0.0,5.03,24.0,1569622678367
0.0,0.0,5.03,24.0,1569622678605
0.0,0.0,5.03,24.0,1569622678606
0.0,0.0,5.03,24.0,1569622678673
0.0,0.0,5.03,24.0,1569622678913
0.0,0.0,5.03,24.0,1569622678913
0.0,0.0,5.03,24.0,1569622678975
0.0,0.0,5.03,24.0,1569622679215
0.0,0.0,5.03,24.0,1569622679215
0.0,0.0,5.01,24.0,1569622679279
0.0,0.0,5.01,24.0,1569622679380
35.16310119628906,139.614990234375,5.01,24.0,1569622679381
0.0,0.0,5.01,24.0,1569622679483
0.0,0.0,5.01,24.0,1569622679592
0.0,0.0,5.01,24.0,1569622679686
0.0,0.0,5.01,24.0,1569622679786
0.0,0.0,5.01,24.0,1569622679887
0.0,0.0,5.01,24.0,1569622679988
0.0,0.0,5.01,24.0,1569622680177
0.0,0.0,5.01,24.0,1569622680192
0.0,0.0,4.98,24.0,1569622680292
0.0,0.0,4.98,24.0,1569622680484
0.0,0.0,4.98,24.0,1569622680495
0.0,0.0,4.98,24.0,1569622680596
0.0,0.0,4.98,24.0,1569622680700
0.0,0.0,4.98,24.0,1569622680799
0.0,0.0,4.98,24.0,1569622680996
0.0,0.0,4.98,24.0,1569622681002
0.0,0.0,4.98,24.0,1569622681103
0.0,0.0,4.98,24.0,1569622681713
0.0,0.0,4.98,24.0,1569622681714
0.0,0.0,4.98,24.0,1569622681715
0.0,0.0,4.98,24.0,1569622681717
0.0,0.0,4.98,24.0,1569622681718
0.0,0.0,4.98,24.0,1569622681718
0.0,0.0,4.98,24.0,1569622681812
0.0,0.0,4.98,24.0,1569622681914
0.0,0.0,4.98,24.0,1569622682015
0.0,0.0,4.98,24.0,1569622682116
0.0,0.0,4.98,24.0,1569622682225
0.0,0.0,4.98,24.0,1569622682319
0.0,0.0,4.98,24.0,1569622682420
0.0,0.0,4.98,24.0,1569622682532
0.0,0.0,4.98,24.0,1569622682623
0.0,0.0,4.98,24.0,1569622682726
0.0,0.0,4.98,24.0,1569622682826
0.0,0.0,4.98,24.0,1569622682927
0.0,0.0,4.98,24.0,1569622683028
0.0,0.0,4.98,24.0,1569622683130
0.0,0.0,4.98,24.0,1569622683247
0.0,0.0,4.98,24.0,1569622683332
0.0,0.0,4.98,24.0,1569622683433
0.0,0.0,4.98,24.0,1569622683556
0.0,0.0,4.98,24.0,1569622683636
0.0,0.0,4.98,24.0,1569622683741
35.16311264038086,139.61497497558594,4.98,24.0,1569622683859
0.0,0.0,4.98,24.0,1569622683868
0.0,0.0,4.98,24.0,1569622683940
0.0,0.0,4.98,24.0,1569622684041
0.0,0.0,4.98,24.0,1569622684171
0.0,0.0,4.98,24.0,1569622684244
0.0,0.0,4.98,24.0,1569622684346
0.0,0.0,4.98,24.0,1569622684478
0.0,0.0,4.98,24.0,1569622684548
0.0,0.0,4.98,25.0,1569622684753
0.0,0.0,4.98,25.0,1569622684853
0.0,0.0,4.98,25.0,1569622684990
0.0,0.0,4.98,25.0,1569622685055
0.0,0.0,4.98,25.0,1569622685156
0.0,0.0,4.98,25.0,1569622685295
0.0,0.0,4.98,25.0,1569622685359
0.0,0.0,4.98,25.0,1569622685460
0.0,0.0,4.98,25.0,1569622685604
0.0,0.0,4.98,25.0,1569622685664
0.0,0.0,4.98,25.0,1569622685766
0.0,0.0,4.98,25.0,1569622685866
0.0,0.0,4.98,25.0,1569622685967
0.0,0.0,4.98,25.0,1569622686116
0.0,0.0,4.98,25.0,1569622686170
35.163116455078125,139.61497497558594,4.98,25.0,1569622686171
0.0,0.0,4.98,25.0,1569622686692
0.0,0.0,4.98,25.0,1569622686704
0.0,0.0,4.98,25.0,1569622686706
0.0,0.0,5.01,25.0,1569622686707
0.0,0.0,5.01,25.0,1569622686710
0.0,0.0,5.01,25.0,1569622686780
0.0,0.0,5.01,25.0,1569622686879
0.0,0.0,5.01,25.0,1569622686981
0.0,0.0,5.01,25.0,1569622687082
0.0,0.0,5.01,25.0,1569622687243
0.0,0.0,5.01,25.0,1569622687285
0.0,0.0,5.01,25.0,1569622687386
0.0,0.0,5.01,25.0,1569622687550
0.0,0.0,5.01,25.0,1569622687588
0.0,0.0,5.01,25.0,1569622687690
0.0,0.0,5.01,25.0,1569622687793
0.0,0.0,5.01,25.0,1569622687892
0.0,0.0,5.01,25.0,1569622687994
0.0,0.0,5.01,25.0,1569622688096
0.0,0.0,5.01,25.0,1569622688267
0.0,0.0,5.01,25.0,1569622688297
0.0,0.0,5.01,25.0,1569622688399
0.0,0.0,5.01,25.0,1569622688574
0.0,0.0,5.01,25.0,1569622688602
0.0,0.0,5.01,25.0,1569622688703
0.0,0.0,5.01,25.0,1569622688881
0.0,0.0,5.01,25.0,1569622688906
0.0,0.0,5.01,25.0,1569622689007
0.0,0.0,5.01,25.0,1569622689189
0.0,0.0,5.01,25.0,1569622689209
0.0,0.0,5.01,25.0,1569622689311
0.0,0.0,5.03,25.0,1569622689495
0.0,0.0,5.03,25.0,1569622689514
0.0,0.0,5.03,25.0,1569622689615
35.163124084472656,139.61495971679688,5.03,25.0,1569622689615
0.0,0.0,5.03,24.0,1569622689716
0.0,0.0,5.03,24.0,1569622689820
0.0,0.0,5.03,24.0,1569622690007
0.0,0.0,5.03,24.0,1569622690022
0.0,0.0,5.03,24.0,1569622690122
0.0,0.0,5.03,24.0,1569622690314
0.0,0.0,5.03,24.0,1569622690324
0.0,0.0,5.03,24.0,1569622690425
0.0,0.0,5.03,24.0,1569622690622
0.0,0.0,5.03,24.0,1569622690628
0.0,0.0,5.03,24.0,1569622690730
0.0,0.0,5.03,24.0,1569622690834
0.0,0.0,5.03,24.0,1569622690933
0.0,0.0,5.03,24.0,1569622691134
0.0,0.0,5.03,24.0,1569622691137
0.0,0.0,5.03,24.0,1569622691749
0.0,0.0,5.03,24.0,1569622691749
0.0,0.0,5.03,24.0,1569622691756
0.0,0.0,5.03,24.0,1569622691756
0.0,0.0,5.03,24.0,1569622691756
0.0,0.0,5.03,24.0,1569622691757
0.0,0.0,5.03,24.0,1569622691848
0.0,0.0,5.03,24.0,1569622691945
35.16312789916992,139.61495971679688,5.03,24.0,1569622691946
0.0,0.0,5.03,24.0,1569622692047
0.0,0.0,5.03,24.0,1569622692148
0.0,0.0,5.03,24.0,1569622692261
0.0,0.0,5.03,24.0,1569622692353
0.0,0.0,5.03,24.0,1569622692452
0.0,0.0,5.03,24.0,1569622692567
0.0,0.0,5.03,24.0,1569622692655
0.0,0.0,5.03,24.0,1569622692756
0.0,0.0,5.03,24.0,1569622692861
0.0,0.0,5.03,24.0,1569622692959
0.0,0.0,5.03,24.0,1569622693060
0.0,0.0,5.03,24.0,1569622693162
0.0,0.0,5.03,24.0,1569622693263
0.0,0.0,5.03,24.0,1569622693364
0.0,0.0,5.03,24.0,1569622693489
0.0,0.0,5.03,24.0,1569622693567
0.0,0.0,5.03,24.0,1569622693668
0.0,0.0,5.01,24.0,1569622693796
0.0,0.0,5.01,24.0,1569622693873
0.0,0.0,5.01,24.0,1569622693972
0.0,0.0,5.01,24.0,1569622694103
0.0,0.0,5.01,24.0,1569622694175
0.0,0.0,5.01,24.0,1569622694276
0.0,0.0,5.01,24.0,1569622694411
0.0,0.0,5.01,24.0,1569622694479
0.0,0.0,5.01,24.0,1569622694581
0.0,0.0,5.01,24.0,1569622694682
35.16312789916992,139.61495971679688,5.01,24.0,1569622694682
0.0,0.0,5.01,24.0,1569622694783
0.0,0.0,5.01,24.0,1569622694986
0.0,0.0,5.01,24.0,1569622695127
0.0,0.0,5.01,24.0,1569622695189
0.0,0.0,5.01,24.0,1569622695290
0.0,0.0,5.01,24.0,1569622695434
0.0,0.0,5.01,24.0,1569622695493
0.0,0.0,5.01,24.0,1569622695594
0.0,0.0,5.01,24.0,1569622695695
0.0,0.0,5.01,24.0,1569622695796
0.0,0.0,4.98,24.0,1569622695900
0.0,0.0,4.98,24.0,1569622695999
0.0,0.0,4.98,24.0,1569622696138
0.0,0.0,4.98,24.0,1569622696863
0.0,0.0,4.98,24.0,1569622696874
0.0,0.0,4.98,24.0,1569622696875
0.0,0.0,4.98,24.0,1569622696875
0.0,0.0,4.98,24.0,1569622696875
0.0,0.0,4.98,24.0,1569622696875
0.0,0.0,4.98,24.0,1569622696876
0.0,0.0,4.98,24.0,1569622696913
0.0,0.0,4.98,24.0,1569622697155
0.0,0.0,4.98,24.0,1569622697156
35.16312789916992,139.61495971679688,4.98,24.0,1569622697158
35.16312789916992,139.61495971679688,4.98,24.0,1569622697159
0.0,0.0,4.98,24.0,1569622697215
0.0,0.0,4.98,24.0,1569622697467
0.0,0.0,4.98,24.0,1569622697468
0.0,0.0,4.98,24.0,1569622697519
0.0,0.0,4.98,24.0,1569622697745
0.0,0.0,4.98,24.0,1569622697746
0.0,0.0,4.98,24.0,1569622697823
0.0,0.0,4.98,24.0,1569622698053
0.0,0.0,4.98,24.0,1569622698054
0.0,0.0,4.98,24.0,1569622698127
0.0,0.0,4.98,24.0,1569622698360
0.0,0.0,4.98,24.0,1569622698360
0.0,0.0,4.98,24.0,1569622698431
0.0,0.0,4.98,24.0,1569622698667
0.0,0.0,4.98,24.0,1569622698670
0.0,0.0,4.98,24.0,1569622698744
0.0,0.0,4.98,24.0,1569622698976
0.0,0.0,4.98,24.0,1569622698976
0.0,0.0,4.98,24.0,1569622699039
0.0,0.0,4.95,24.0,1569622699282
0.0,0.0,4.95,24.0,1569622699282
0.0,0.0,4.95,24.0,1569622699343
0.0,0.0,4.95,24.0,1569622699444
35.16313171386719,139.6149444580078,4.95,24.0,1569622699445
0.0,0.0,4.95,24.0,1569622699546
0.0,0.0,4.95,24.0,1569622699667
0.0,0.0,4.95,24.0,1569622699749
0.0,0.0,4.95,24.0,1569622699851
0.0,0.0,4.95,24.0,1569622699953
0.0,0.0,4.95,24.0,1569622700052
0.0,0.0,4.95,24.0,1569622700248
0.0,0.0,4.95,24.0,1569622700256
0.0,0.0,4.95,24.0,1569622700356
0.0,0.0,4.95,24.0,1569622700554
0.0,0.0,4.95,24.0,1569622700562
0.0,0.0,4.95,24.0,1569622700660
0.0,0.0,4.95,24.0,1569622700762
0.0,0.0,4.95,24.0,1569622700863
0.0,0.0,4.95,24.0,1569622701066
0.0,0.0,4.95,24.0,1569622701067
0.0,0.0,4.95,24.0,1569622701167
0.0,0.0,4.95,24.0,1569622701374
0.0,0.0,4.95,24.0,1569622701471
0.0,0.0,4.95,24.0,1569622701573
0.0,0.0,4.98,24.0,1569622701679
0.0,0.0,4.98,24.0,1569622701775
0.0,0.0,4.98,24.0,1569622701876
0.0,0.0,4.98,24.0,1569622701988
0.0,0.0,5.01,24.0,1569622702623
0.0,0.0,5.01,24.0,1569622702687
0.0,0.0,5.01,24.0,1569622702788
0.0,0.0,5.01,24.0,1569622702890
35.16313171386719,139.6149444580078,5.01,24.0,1569622702890
0.0,0.0,5.01,24.0,1569622702993
0.0,0.0,5.01,24.0,1569622703092
0.0,0.0,5.01,24.0,1569622703194
0.0,0.0,5.01,24.0,1569622703319
0.0,0.0,5.01,24.0,1569622703396
0.0,0.0,5.01,24.0,1569622703498
0.0,0.0,5.01,24.0,1569622703627
0.0,0.0,5.01,24.0,1569622703700
0.0,0.0,5.01,24.0,1569622703802
0.0,0.0,5.01,24.0,1569622703934
0.0,0.0,5.01,24.0,1569622704007
0.0,0.0,5.01,24.0,1569622704106
0.0,0.0,5.01,24.0,1569622704241
0.0,0.0,5.01,24.0,1569622704308
0.0,0.0,5.01,24.0,1569622704410
0.0,0.0,5.01,24.0,1569622704548
0.0,0.0,5.01,24.0,1569622704612
0.0,0.0,5.01,24.0,1569622704714
0.0,0.0,5.01,24.0,1569622704815
0.0,0.0,5.01,24.0,1569622704916
0.0,0.0,5.03,24.0,1569622705061
0.0,0.0,5.03,24.0,1569622705119
0.0,0.0,5.03,24.0,1569622705220
0.0,0.0,5.03,24.0,1569622705367
0.0,0.0,5.03,24.0,1569622705423
0.0,0.0,5.03,24.0,1569622705524
0.0,0.0,5.03,24.0,1569622705674
0.0,0.0,5.01,24.0,1569622705727
0.0,0.0,5.01,24.0,1569622705829
0.0,0.0,5.01,24.0,1569622705930
0.0,0.0,5.01,24.0,1569622706033
0.0,0.0,5.01,24.0,1569622706186
0.0,0.0,5.01,24.0,1569622706234
0.0,0.0,5.01,24.0,1569622706337
0.0,0.0,5.01,24.0,1569622706494
0.0,0.0,5.01,24.0,1569622706538
0.0,0.0,5.01,24.0,1569622706639
0.0,0.0,5.01,24.0,1569622706801
0.0,0.0,5.01,24.0,1569622706842
0.0,0.0,5.01,24.0,1569622707518
0.0,0.0,5.01,24.0,1569622707533
0.0,0.0,5.01,24.0,1569622707536
0.0,0.0,5.01,24.0,1569622707536
0.0,0.0,5.01,24.0,1569622707537
0.0,0.0,5.01,24.0,1569622707551
0.0,0.0,5.01,24.0,1569622707652
0.0,0.0,5.01,24.0,1569622707754
0.0,0.0,5.01,24.0,1569622707855
0.0,0.0,5.01,24.0,1569622707956
0.0,0.0,5.01,24.0,1569622708060
0.0,0.0,5.01,24.0,1569622708235
0.0,0.0,5.01,24.0,1569622708260
0.0,0.0,5.01,24.0,1569622708361
0.0,0.0,5.01,24.0,1569622708542
0.0,0.0,5.01,24.0,1569622708564
0.0,0.0,5.01,24.0,1569622708666
0.0,0.0,5.01,24.0,1569622708850
0.0,0.0,5.01,24.0,1569622708870
0.0,0.0,5.01,24.0,1569622709156
0.0,0.0,5.01,24.0,1569622709172
0.0,0.0,5.01,24.0,1569622709273
0.0,0.0,5.01,24.0,1569622709464
0.0,0.0,5.01,24.0,1569622709477
0.0,0.0,5.01,24.0,1569622709577
0.0,0.0,5.01,24.0,1569622709702
0.0,0.0,5.01,24.0,1569622709780
0.0,0.0,5.01,24.0,1569622709881
35.16313171386719,139.6149444580078,5.01,24.0,1569622709886
0.0,0.0,5.01,24.0,1569622709984
0.0,0.0,5.01,24.0,1569622710088
0.0,0.0,5.01,24.0,1569622710282
0.0,0.0,5.01,24.0,1569622710287
0.0,0.0,5.01,24.0,1569622710388
0.0,0.0,5.01,24.0,1569622710591
0.0,0.0,5.01,24.0,1569622710607
0.0,0.0,5.01,24.0,1569622710692
0.0,0.0,5.01,24.0,1569622710793
0.0,0.0,5.01,24.0,1569622710895
0.0,0.0,5.01,24.0,1569622711102
0.0,0.0,5.01,24.0,1569622711102
0.0,0.0,5.01,24.0,1569622711199
0.0,0.0,5.01,24.0,1569622711300
0.0,0.0,5.01,24.0,1569622711409
0.0,0.0,5.01,24.0,1569622711503
0.0,0.0,5.01,24.0,1569622711604
0.0,0.0,5.01,24.0,1569622711716
0.0,0.0,5.01,24.0,1569622711807
0.0,0.0,5.01,24.0,1569622711908
0.0,0.0,5.01,24.0,1569622712535
0.0,0.0,5.01,24.0,1569622712536
0.0,0.0,5.01,24.0,1569622712537
0.0,0.0,5.01,24.0,1569622712537
0.0,0.0,5.03,24.0,1569622712538
0.0,0.0,5.03,24.0,1569622712538
0.0,0.0,5.03,24.0,1569622712617
0.0,0.0,5.01,24.0,1569622712720
0.0,0.0,5.01,24.0,1569622712922
0.0,0.0,5.01,24.0,1569622713023
0.0,0.0,5.01,24.0,1569622713127
0.0,0.0,5.01,24.0,1569622713252
0.0,0.0,5.01,24.0,1569622713327
0.0,0.0,5.01,24.0,1569622713428
0.0,0.0,5.01,24.0,1569622713559
35.16312026977539,139.61495971679688,5.01,24.0,1569622713562
0.0,0.0,5.01,24.0,1569622713631
0.0,0.0,5.01,24.0,1569622713732
0.0,0.0,5.01,24.0,1569622713865
0.0,0.0,5.01,24.0,1569622713935
0.0,0.0,5.01,24.0,1569622714036
0.0,0.0,5.01,24.0,1569622714174
0.0,0.0,5.01,24.0,1569622714239
0.0,0.0,5.01,24.0,1569622714340
0.0,0.0,5.01,24.0,1569622714481
0.0,0.0,5.01,24.0,1569622714543
0.0,0.0,5.01,24.0,1569622714644
0.0,0.0,5.01,24.0,1569622714745
0.0,0.0,5.01,24.0,1569622714848
0.0,0.0,5.01,24.0,1569622714948
0.0,0.0,5.01,24.0,1569622715049
0.0,0.0,5.01,24.0,1569622715197
0.0,0.0,5.01,24.0,1569622715252
0.0,0.0,5.01,24.0,1569622715353
0.0,0.0,5.01,24.0,1569622715505
0.0,0.0,5.01,24.0,1569622715556
0.0,0.0,5.01,24.0,1569622715657
0.0,0.0,5.01,24.0,1569622715759
0.0,0.0,5.01,24.0,1569622715860
0.0,0.0,5.01,24.0,1569622715961
35.163116455078125,139.61495971679688,5.01,24.0,1569622715962
0.0,0.0,5.01,24.0,1569622716063
0.0,0.0,5.01,24.0,1569622716319
0.0,0.0,5.01,24.0,1569622716320
0.0,0.0,5.01,24.0,1569622716367
0.0,0.0,5.01,24.0,1569622716600
0.0,0.0,5.01,24.0,1569622716601
0.0,0.0,5.01,24.0,1569622716671
0.0,0.0,5.01,24.0,1569622716875
0.0,0.0,5.01,24.0,1569622716876
0.0,0.0,5.01,24.0,1569622717442
0.0,0.0,5.01,24.0,1569622717442
0.0,0.0,5.01,24.0,1569622717442
0.0,0.0,5.01,24.0,1569622717443
0.0,0.0,5.01,24.0,1569622717444
0.0,0.0,5.01,24.0,1569622717481
0.0,0.0,5.01,24.0,1569622717707
0.0,0.0,5.01,24.0,1569622717707
0.0,0.0,5.01,24.0,1569622717785
0.0,0.0,5.01,24.0,1569622718013
0.0,0.0,5.01,24.0,1569622718013
0.0,0.0,5.01,24.0,1569622718090
0.0,0.0,4.98,24.0,1569622718318
0.0,0.0,4.98,24.0,1569622718319
0.0,0.0,4.98,24.0,1569622718393
0.0,0.0,4.98,24.0,1569622718622
0.0,0.0,4.98,24.0,1569622718622
0.0,0.0,4.98,24.0,1569622718697
0.0,0.0,4.98,24.0,1569622718931
0.0,0.0,4.98,24.0,1569622718931
0.0,0.0,4.98,24.0,1569622719001
0.0,0.0,4.98,24.0,1569622719233
0.0,0.0,4.98,24.0,1569622719233
0.0,0.0,5.01,24.0,1569622719305
0.0,0.0,5.01,24.0,1569622719407
35.16312026977539,139.6149444580078,5.01,24.0,1569622719407
0.0,0.0,5.01,24.0,1569622719508
0.0,0.0,5.01,24.0,1569622719703
0.0,0.0,5.01,24.0,1569622719713
0.0,0.0,5.01,24.0,1569622719812
0.0,0.0,5.01,24.0,1569622719913
0.0,0.0,5.01,24.0,1569622720015
0.0,0.0,5.01,24.0,1569622720215
0.0,0.0,5.01,24.0,1569622720223
0.0,0.0,5.01,24.0,1569622720319
0.0,0.0,5.01,24.0,1569622720523
0.0,0.0,5.01,24.0,1569622720523
0.0,0.0,5.03,24.0,1569622720623
0.0,0.0,5.03,24.0,1569622720752
0.0,0.0,5.03,24.0,1569622720826
0.0,0.0,5.03,24.0,1569622720927
0.0,0.0,5.03,24.0,1569622721028
0.0,0.0,5.03,24.0,1569622721129
0.0,0.0,5.03,24.0,1569622721239
0.0,0.0,5.03,24.0,1569622721332
0.0,0.0,5.03,24.0,1569622721433
0.0,0.0,5.06,24.0,1569622721549
0.0,0.0,5.06,24.0,1569622721636
0.0,0.0,5.06,24.0,1569622721737
0.0,0.0,5.06,24.0,1569622721858
35.163124084472656,139.6149444580078,5.06,24.0,1569622721858
0.0,0.0,5.09,24.0,1569622722470
0.0,0.0,5.09,24.0,1569622722471
0.0,0.0,5.09,24.0,1569622722472
0.0,0.0,5.06,24.0,1569622722472
0.0,0.0,5.06,24.0,1569622722473
0.0,0.0,5.06,24.0,1569622722548
0.0,0.0,5.06,24.0,1569622722649
0.0,0.0,5.06,24.0,1569622722752
0.0,0.0,5.06,24.0,1569622722852
0.0,0.0,5.06,24.0,1569622722953
0.0,0.0,5.06,24.0,1569622723062
0.0,0.0,5.06,24.0,1569622723156
0.0,0.0,5.06,24.0,1569622723259
0.0,0.0,5.06,24.0,1569622723359
0.0,0.0,5.06,24.0,1569622723460
0.0,0.0,5.06,24.0,1569622723594
0.0,0.0,5.06,24.0,1569622723663
0.0,0.0,5.06,24.0,1569622723764
0.0,0.0,5.03,24.0,1569622723902
0.0,0.0,5.03,24.0,1569622723967
0.0,0.0,5.03,24.0,1569622724068
0.0,0.0,5.03,24.0,1569622724209
0.0,0.0,5.03,24.0,1569622724273
35.163124084472656,139.6149444580078,5.03,24.0,1569622724273
0.0,0.0,5.03,24.0,1569622724372
0.0,0.0,5.03,24.0,1569622724517
0.0,0.0,5.03,24.0,1569622724575
0.0,0.0,5.03,24.0,1569622724676
0.0,0.0,5.03,24.0,1569622724777
0.0,0.0,5.03,24.0,1569622724879
0.0,0.0,5.03,24.0,1569622724980
0.0,0.0,5.01,24.0,1569622725081
0.0,0.0,5.01,24.0,1569622725233
0.0,0.0,5.03,24.0,1569622725286
0.0,0.0,5.03,24.0,1569622725385
0.0,0.0,5.03,24.0,1569622725540
0.0,0.0,5.03,24.0,1569622725588
0.0,0.0,5.03,24.0,1569622725689
0.0,0.0,5.03,24.0,1569622725791
0.0,0.0,5.03,24.0,1569622725892
0.0,0.0,5.03,24.0,1569622725993
0.0,0.0,5.03,24.0,1569622726095
0.0,0.0,5.03,24.0,1569622726257
0.0,0.0,5.03,24.0,1569622726299
0.0,0.0,5.03,24.0,1569622726398
0.0,0.0,5.03,24.0,1569622726564
0.0,0.0,5.03,24.0,1569622726601
0.0,0.0,5.03,24.0,1569622726703
0.0,0.0,5.01,24.0,1569622726873
0.0,0.0,5.01,24.0,1569622726905
0.0,0.0,5.01,24.0,1569622727485
0.0,0.0,5.01,24.0,1569622727486
0.0,0.0,5.01,24.0,1569622727486
0.0,0.0,5.03,24.0,1569622727486
0.0,0.0,5.03,24.0,1569622727487
0.0,0.0,5.03,24.0,1569622727516
0.0,0.0,5.03,24.0,1569622727614
35.16312789916992,139.6149444580078,5.03,24.0,1569622727615
0.0,0.0,5.03,24.0,1569622727716
0.0,0.0,5.03,24.0,1569622727817
0.0,0.0,5.03,24.0,1569622727919
0.0,0.0,5.03,24.0,1569622728020
0.0,0.0,5.06,24.0,1569622728122
0.0,0.0,5.06,24.0,1569622728223
0.0,0.0,5.06,24.0,1569622728326
0.0,0.0,5.06,24.0,1569622728425
0.0,0.0,5.06,24.0,1569622728612
0.0,0.0,5.03,24.0,1569622728628
0.0,0.0,5.03,24.0,1569622728729
0.0,0.0,5.03,24.0,1569622728920
0.0,0.0,5.03,24.0,1569622728936
0.0,0.0,5.03,24.0,1569622729033
0.0,0.0,5.03,24.0,1569622729226
0.0,0.0,5.03,24.0,1569622729239
0.0,0.0,5.06,24.0,1569622729339
0.0,0.0,5.06,24.0,1569622729533
0.0,0.0,5.06,24.0,1569622729543
0.0,0.0,5.06,24.0,1569622729641
0.0,0.0,5.09,24.0,1569622729762
0.0,0.0,5.09,24.0,1569622729845
0.0,0.0,5.09,24.0,1569622729947
35.16312789916992,139.6149444580078,5.09,24.0,1569622729948
0.0,0.0,5.12,24.0,1569622730047
0.0,0.0,5.12,24.0,1569622730148
0.0,0.0,5.12,24.0,1569622730353
0.0,0.0,5.12,24.0,1569622730353
0.0,0.0,5.12,24.0,1569622730452
0.0,0.0,5.12,24.0,1569622730555
0.0,0.0,5.12,24.0,1569622730762
0.0,0.0,5.12,24.0,1569622730763
0.0,0.0,5.12,24.0,1569622730858
0.0,0.0,5.12,24.0,1569622730959
0.0,0.0,5.12,24.0,1569622731060
0.0,0.0,5.12,24.0,1569622731162
0.0,0.0,5.12,24.0,1569622731274
0.0,0.0,5.12,24.0,1569622731366
0.0,0.0,5.09,24.0,1569622731466
0.0,0.0,5.09,24.0,1569622731581
0.0,0.0,5.09,24.0,1569622731668
0.0,0.0,5.09,24.0,1569622731769
0.0,0.0,5.12,24.0,1569622731890
0.0,0.0,5.12,24.0,1569622732025
0.0,0.0,5.12,24.0,1569622732074
0.0,0.0,5.12,24.0,1569622732194
0.0,0.0,5.12,24.0,1569622732276
0.0,0.0,5.12,24.0,1569622732380
0.0,0.0,5.12,24.0,1569622732503
0.0,0.0,5.12,24.0,1569622733023
0.0,0.0,5.12,24.0,1569622733024
0.0,0.0,5.12,24.0,1569622733025
0.0,0.0,5.12,24.0,1569622733025
0.0,0.0,5.09,24.0,1569622733026
0.0,0.0,5.09,24.0,1569622733087
0.0,0.0,5.09,24.0,1569622733188
0.0,0.0,5.06,24.0,1569622733393
35.16313171386719,139.6149444580078,5.06,24.0,1569622733396
0.0,0.0,5.06,24.0,1569622733527
0.0,0.0,5.06,24.0,1569622733594
0.0,0.0,5.06,24.0,1569622733695
0.0,0.0,5.06,24.0,1569622733838
0.0,0.0,5.06,24.0,1569622733898
0.0,0.0,5.06,24.0,1569622733999
0.0,0.0,5.06,24.0,1569622734141
0.0,0.0,5.06,24.0,1569622734201
0.0,0.0,5.06,24.0,1569622734303
0.0,0.0,5.06,24.0,1569622734449
0.0,0.0,5.06,24.0,1569622734505
0.0,0.0,5.06,24.0,1569622734607
0.0,0.0,5.06,24.0,1569622734756
0.0,0.0,5.06,24.0,1569622734810
0.0,0.0,5.06,24.0,1569622734911
0.0,0.0,5.06,24.0,1569622735012
0.0,0.0,5.06,24.0,1569622735114
0.0,0.0,5.06,24.0,1569622735267
0.0,0.0,5.06,24.0,1569622735316
0.0,0.0,5.03,24.0,1569622735419
0.0,0.0,5.03,24.0,1569622735574
0.0,0.0,5.03,24.0,1569622735620
0.0,0.0,5.03,24.0,1569622735722
0.0,0.0,5.03,24.0,1569622735823
35.16313171386719,139.6149444580078,5.03,24.0,1569622735824
0.0,0.0,5.03,24.0,1569622735924
0.0,0.0,5.03,24.0,1569622736025
0.0,0.0,5.03,24.0,1569622736129
0.0,0.0,5.03,24.0,1569622736319
0.0,0.0,5.03,24.0,1569622736331
0.0,0.0,5.03,24.0,1569622736435
0.0,0.0,5.03,24.0,1569622736602
0.0,0.0,5.03,24.0,1569622736636
0.0,0.0,5.03,24.0,1569622736938
0.0,0.0,5.03,24.0,1569622736938
0.0,0.0,5.03,24.0,1569622736939
0.0,0.0,5.03,24.0,1569622737157
0.0,0.0,5.03,24.0,1569622737157
0.0,0.0,5.06,24.0,1569622737528
0.0,0.0,5.03,24.0,1569622737536
0.0,0.0,5.03,24.0,1569622737537
0.0,0.0,5.03,24.0,1569622737550
0.0,0.0,5.03,24.0,1569622737729
0.0,0.0,5.03,24.0,1569622737751
0.0,0.0,5.03,24.0,1569622738129
0.0,0.0,5.03,24.0,1569622738151
0.0,0.0,5.03,24.0,1569622738151
0.0,0.0,5.03,24.0,1569622738338
0.0,0.0,5.03,24.0,1569622738338
0.0,0.0,5.03,24.0,1569622738358
0.0,0.0,5.03,24.0,1569622738729
0.0,0.0,5.03,24.0,1569622738730
0.0,0.0,5.06,24.0,1569622738730
0.0,0.0,5.06,24.0,1569622739324
0.0,0.0,5.06,24.0,1569622739325
35.16313171386719,139.6149444580078,5.06,24.0,1569622739325
0.0,0.0,5.06,24.0,1569622739326
0.0,0.0,5.06,24.0,1569622739327
0.0,0.0,5.06,24.0,1569622739327
0.0,0.0,5.06,24.0,1569622739327
0.0,0.0,5.06,24.0,1569622739373
0.0,0.0,5.06,24.0,1569622739475
0.0,0.0,5.06,24.0,1569622739671
0.0,0.0,5.06,24.0,1569622739675
0.0,0.0,5.06,24.0,1569622739777
0.0,0.0,5.06,24.0,1569622739878
0.0,0.0,5.06,24.0,1569622739979
0.0,0.0,5.06,24.0,1569622740182
0.0,0.0,5.06,24.0,1569622740183
0.0,0.0,5.06,24.0,1569622740285
0.0,0.0,5.06,24.0,1569622740490
0.0,0.0,5.06,24.0,1569622740491
0.0,0.0,5.06,24.0,1569622740587
0.0,0.0,5.06,24.0,1569622740689
0.0,0.0,5.06,24.0,1569622740797
0.0,0.0,5.06,24.0,1569622740891
0.0,0.0,5.06,24.0,1569622740993
0.0,0.0,5.06,24.0,1569622741094
0.0,0.0,5.06,24.0,1569622741195
0.0,0.0,5.06,24.0,1569622741309
0.0,0.0,5.06,24.0,1569622741398
0.0,0.0,5.06,24.0,1569622741501
0.0,0.0,5.06,24.0,1569622741616
35.16313171386719,139.6149444580078,5.06,24.0,1569622741617
0.0,0.0,5.06,24.0,1569622741702
0.0,0.0,5.06,24.0,1569622741803
0.0,0.0,5.06,24.0,1569622741923
0.0,0.0,5.06,24.0,1569622742006
0.0,0.0,5.06,24.0,1569622742108
0.0,0.0,5.06,24.0,1569622742231
0.0,0.0,5.06,24.0,1569622742310
0.0,0.0,5.06,24.0,1569622742411
0.0,0.0,5.06,24.0,1569622742538
0.0,0.0,5.06,24.0,1569622742614
0.0,0.0,5.06,24.0,1569622742715
0.0,0.0,5.06,24.0,1569622742845
0.0,0.0,5.06,24.0,1569622742918
0.0,0.0,5.06,24.0,1569622743019
0.0,0.0,5.06,24.0,1569622743121
0.0,0.0,5.06,24.0,1569622743222
0.0,0.0,5.06,24.0,1569622743357
0.0,0.0,5.06,24.0,1569622743425
0.0,0.0,5.06,24.0,1569622743536
0.0,0.0,5.06,24.0,1569622743627
0.0,0.0,5.06,24.0,1569622743729
0.0,0.0,5.06,24.0,1569622744380
35.16313171386719,139.6149444580078,5.06,24.0,1569622744381
0.0,0.0,5.06,24.0,1569622744392
0.0,0.0,5.06,24.0,1569622744393
0.0,0.0,5.06,24.0,1569622744393
0.0,0.0,5.06,24.0,1569622744394
0.0,0.0,5.06,24.0,1569622744394
0.0,0.0,5.06,24.0,1569622744438
0.0,0.0,5.06,24.0,1569622744541
0.0,0.0,5.06,24.0,1569622744641
0.0,0.0,5.06,24.0,1569622744742
0.0,0.0,5.06,24.0,1569622744844
0.0,0.0,5.06,24.0,1569622744945
0.0,0.0,5.06,24.0,1569622745046
0.0,0.0,5.06,24.0,1569622745147
0.0,0.0,5.06,24.0,1569622745303
0.0,0.0,5.06,24.0,1569622745350
0.0,0.0,5.06,24.0,1569622745452
0.0,0.0,5.06,24.0,1569622745610
0.0,0.0,5.06,24.0,1569622745654
0.0,0.0,5.06,24.0,1569622745755
0.0,0.0,5.06,24.0,1569622745857
0.0,0.0,5.06,24.0,1569622745958
0.0,0.0,5.06,24.0,1569622746061
0.0,0.0,5.06,24.0,1569622746161
0.0,0.0,5.06,24.0,1569622746327
0.0,0.0,5.06,24.0,1569622746365
0.0,0.0,5.06,24.0,1569622746464
0.0,0.0,5.06,24.0,1569622746634
0.0,0.0,5.06,24.0,1569622746667
0.0,0.0,5.06,24.0,1569622746768
35.16313171386719,139.6149444580078,5.06,24.0,1569622746769
0.0,0.0,5.06,24.0,1569622746941
0.0,0.0,5.06,24.0,1569622746971
0.0,0.0,5.06,24.0,1569622747073
0.0,0.0,5.06,24.0,1569622747249
0.0,0.0,5.06,24.0,1569622747275
0.0,0.0,5.06,24.0,1569622747384
0.0,0.0,5.06,24.0,1569622747556
0.0,0.0,5.06,24.0,1569622747581
0.0,0.0,5.06,24.0,1569622747680
0.0,0.0,5.06,24.0,1569622747865
0.0,0.0,5.06,24.0,1569622747885
0.0,0.0,5.06,24.0,1569622747985
0.0,0.0,5.06,24.0,1569622748086
0.0,0.0,5.06,24.0,1569622748187
0.0,0.0,5.06,24.0,1569622748375
0.0,0.0,5.06,24.0,1569622748390
0.0,0.0,5.06,24.0,1569622748491
0.0,0.0,5.06,24.0,1569622748594
0.0,0.0,5.06,24.0,1569622748694
0.0,0.0,5.06,24.0,1569622749399
0.0,0.0,5.06,24.0,1569622749400
0.0,0.0,5.06,24.0,1569622749400
0.0,0.0,5.06,24.0,1569622749401
0.0,0.0,5.06,24.0,1569622749401
0.0,0.0,5.06,24.0,1569622749401
0.0,0.0,5.09,24.0,1569622749407
0.0,0.0,5.09,24.0,1569622749504
0.0,0.0,5.09,24.0,1569622749608
0.0,0.0,5.09,24.0,1569622749707
0.0,0.0,5.09,24.0,1569622749911
0.0,0.0,5.09,24.0,1569622749911
0.0,0.0,5.09,24.0,1569622750011
0.0,0.0,5.09,24.0,1569622750113
0.0,0.0,5.09,24.0,1569622750215
0.0,0.0,5.12,24.0,1569622750319
0.0,0.0,5.12,24.0,1569622750417
0.0,0.0,5.12,24.0,1569622750518
0.0,0.0,5.12,24.0,1569622750627
0.0,0.0,5.12,24.0,1569622750721
0.0,0.0,5.12,24.0,1569622750822
0.0,0.0,5.12,24.0,1569622750934
0.0,0.0,5.12,24.0,1569622751026
0.0,0.0,5.14,24.0,1569622751126
0.0,0.0,5.14,24.0,1569622751227
0.0,0.0,5.14,24.0,1569622751329
0.0,0.0,5.14,24.0,1569622751446
0.0,0.0,5.14,24.0,1569622751531
0.0,0.0,5.14,24.0,1569622751635
0.0,0.0,5.14,24.0,1569622751754
0.0,0.0,5.14,24.0,1569622751835
0.0,0.0,5.14,24.0,1569622751937
0.0,0.0,5.14,24.0,1569622752061
0.0,0.0,5.14,24.0,1569622752139
0.0,0.0,5.14,24.0,1569622752241
0.0,0.0,5.14,24.0,1569622752368
0.0,0.0,5.14,24.0,1569622752443
0.0,0.0,5.14,24.0,1569622752546
0.0,0.0,5.14,24.0,1569622752675
0.0,0.0,5.14,24.0,1569622752747
0.0,0.0,5.14,24.0,1569622752849
0.0,0.0,5.14,24.0,1569622752951
0.0,0.0,5.14,24.0,1569622753052
0.0,0.0,5.12,24.0,1569622753153
0.0,0.0,5.12,24.0,1569622753254
0.0,0.0,5.12,24.0,1569622753392
0.0,0.0,5.12,24.0,1569622753457
0.0,0.0,5.12,24.0,1569622753558
0.0,0.0,5.12,24.0,1569622753662
0.0,0.0,5.09,24.0,1569622754314
0.0,0.0,5.09,24.0,1569622754317
0.0,0.0,5.09,24.0,1569622754317
0.0,0.0,5.09,24.0,1569622754317
35.16313171386719,139.6149444580078,5.09,24.0,1569622754320
0.0,0.0,5.09,24.0,1569622754324
0.0,0.0,5.09,24.0,1569622754369
0.0,0.0,5.09,24.0,1569622754470
0.0,0.0,5.09,24.0,1569622754571
0.0,0.0,5.09,24.0,1569622754675
0.0,0.0,5.09,24.0,1569622754826
0.0,0.0,5.09,24.0,1569622754875
0.0,0.0,5.09,24.0,1569622754977
0.0,0.0,5.09,24.0,1569622755078
0.0,0.0,5.09,24.0,1569622755179
0.0,0.0,5.09,24.0,1569622755338
0.0,0.0,5.09,24.0,1569622755384
0.0,0.0,5.09,24.0,1569622755483
0.0,0.0,5.09,24.0,1569622755645
0.0,0.0,5.09,24.0,1569622755690
0.0,0.0,5.09,24.0,1569622755787
0.0,0.0,5.09,24.0,1569622755953
0.0,0.0,5.06,24.0,1569622755990
0.0,0.0,5.06,24.0,1569622756092
0.0,0.0,5.06,24.0,1569622756346
0.0,0.0,5.06,24.0,1569622756347
0.0,0.0,5.06,24.0,1569622756396
0.0,0.0,5.06,24.0,1569622756632
0.0,0.0,5.06,24.0,1569622756649
0.0,0.0,5.06,24.0,1569622756701
0.0,0.0,5.06,24.0,1569622756927
0.0,0.0,5.06,24.0,1569622756928
0.0,0.0,5.06,24.0,1569622757003
0.0,0.0,5.06,24.0,1569622757226
0.0,0.0,5.06,24.0,1569622757227
0.0,0.0,5.06,24.0,1569622757308
0.0,0.0,5.06,24.0,1569622757515
0.0,0.0,5.06,24.0,1569622757516
0.0,0.0,5.06,24.0,1569622757624
0.0,0.0,5.06,24.0,1569622757796
0.0,0.0,5.06,24.0,1569622757814
0.0,0.0,5.06,24.0,1569622758100
0.0,0.0,5.06,24.0,1569622758106
0.0,0.0,5.06,24.0,1569622758118
0.0,0.0,5.06,24.0,1569622758407
0.0,0.0,5.06,24.0,1569622758408
0.0,0.0,5.06,24.0,1569622758423
0.0,0.0,5.06,24.0,1569622758712
0.0,0.0,5.06,24.0,1569622758728
0.0,0.0,5.06,24.0,1569622759017
0.0,0.0,5.03,24.0,1569622759017
0.0,0.0,5.03,24.0,1569622759032
0.0,0.0,5.03,24.0,1569622759131
0.0,0.0,5.03,24.0,1569622759321
0.0,0.0,5.03,24.0,1569622759334
0.0,0.0,5.03,24.0,1569622759436
0.0,0.0,5.03,24.0,1569622759993
0.0,0.0,5.03,24.0,1569622760003
0.0,0.0,5.03,24.0,1569622760003
0.0,0.0,5.03,24.0,1569622760004
0.0,0.0,5.06,24.0,1569622760004
0.0,0.0,5.06,24.0,1569622760043
0.0,0.0,5.06,24.0,1569622760145
0.0,0.0,5.06,24.0,1569622760246
0.0,0.0,5.06,24.0,1569622760347
0.0,0.0,5.06,24.0,1569622760458
0.0,0.0,5.06,24.0,1569622760550
0.0,0.0,5.06,24.0,1569622760651
0.0,0.0,5.06,24.0,1569622760765
0.0,0.0,5.06,24.0,1569622760854
0.0,0.0,5.06,24.0,1569622760955
0.0,0.0,5.06,24.0,1569622761057
0.0,0.0,5.06,24.0,1569622761158
0.0,0.0,5.06,24.0,1569622761261
0.0,0.0,5.06,24.0,1569622761361
0.0,0.0,5.06,24.0,1569622761483
0.0,0.0,5.06,24.0,1569622761563
0.0,0.0,5.06,24.0,1569622761665
0.0,0.0,5.06,24.0,1569622761789
0.0,0.0,5.06,24.0,1569622761870
0.0,0.0,5.06,24.0,1569622761969
0.0,0.0,5.06,24.0,1569622762097
0.0,0.0,5.06,24.0,1569622762171
0.0,0.0,5.09,24.0,1569622762273
0.0,0.0,5.09,24.0,1569622762403
0.0,0.0,5.09,24.0,1569622762475
0.0,0.0,5.09,24.0,1569622762577
0.0,0.0,5.09,24.0,1569622762709
0.0,0.0,5.09,24.0,1569622762781
0.0,0.0,5.09,24.0,1569622762881
0.0,0.0,5.09,24.0,1569622763018
0.0,0.0,5.09,24.0,1569622763083
0.0,0.0,5.09,24.0,1569622763185
0.0,0.0,5.09,24.0,1569622763286
0.0,0.0,5.09,24.0,1569622763388
0.0,0.0,5.09,24.0,1569622763490
0.0,0.0,5.09,24.0,1569622763590
0.0,0.0,5.09,24.0,1569622763691
0.0,0.0,5.09,24.0,1569622763794
0.0,0.0,5.09,24.0,1569622763940
0.0,0.0,5.09,24.0,1569622763995
0.0,0.0,5.09,24.0,1569622764097
0.0,0.0,5.09,24.0,1569622764247
0.0,0.0,5.09,24.0,1569622764300
0.0,0.0,5.06,24.0,1569622764402
0.0,0.0,5.06,24.0,1569622765066
0.0,0.0,5.06,24.0,1569622765067
0.0,0.0,5.06,24.0,1569622765068
0.0,0.0,5.06,24.0,1569622765068
0.0,0.0,5.06,24.0,1569622765068
0.0,0.0,5.09,24.0,1569622765068
0.0,0.0,5.09,24.0,1569622765110
0.0,0.0,5.09,24.0,1569622765211
0.0,0.0,5.09,24.0,1569622765313
0.0,0.0,5.09,24.0,1569622765414
0.0,0.0,5.09,24.0,1569622765578
0.0,0.0,5.09,24.0,1569622765617
0.0,0.0,5.09,24.0,1569622765718
0.0,0.0,5.09,24.0,1569622765885
0.0,0.0,5.09,24.0,1569622765921
0.0,0.0,5.09,24.0,1569622766022
0.0,0.0,5.09,24.0,1569622766123
0.0,0.0,5.06,24.0,1569622766225
0.0,0.0,5.06,24.0,1569622766326
0.0,0.0,5.06,24.0,1569622766427
0.0,0.0,5.06,24.0,1569622766602
0.0,0.0,5.06,24.0,1569622766630
0.0,0.0,5.06,24.0,1569622766736
0.0,0.0,5.06,24.0,1569622766909
0.0,0.0,5.06,24.0,1569622766934
0.0,0.0,5.06,24.0,1569622767036
0.0,0.0,5.06,24.0,1569622767217
0.0,0.0,5.06,24.0,1569622767238
0.0,0.0,5.06,24.0,1569622767339
0.0,0.0,5.09,24.0,1569622767524
0.0,0.0,5.09,24.0,1569622767542
0.0,0.0,5.09,24.0,1569622767643
0.0,0.0,5.09,24.0,1569622767840
0.0,0.0,5.09,24.0,1569622767947
0.0,0.0,5.06,24.0,1569622768138
0.0,0.0,5.06,24.0,1569622768152
0.0,0.0,5.06,24.0,1569622768251
0.0,0.0,5.06,24.0,1569622768352
0.0,0.0,5.06,24.0,1569622768454
0.0,0.0,5.06,24.0,1569622768555
0.0,0.0,5.06,24.0,1569622768657
0.0,0.0,5.06,24.0,1569622768854
0.0,0.0,5.06,24.0,1569622768861
0.0,0.0,5.06,24.0,1569622768961
0.0,0.0,5.06,24.0,1569622769161
0.0,0.0,5.06,24.0,1569622769177
0.0,0.0,5.06,24.0,1569622769264
0.0,0.0,5.06,24.0,1569622769469
0.0,0.0,5.03,24.0,1569622769470
0.0,0.0,5.03,24.0,1569622770084
0.0,0.0,5.03,24.0,1569622770085
0.0,0.0,5.03,24.0,1569622770085
0.0,0.0,5.03,24.0,1569622770086
0.0,0.0,5.03,24.0,1569622770086
0.0,0.0,5.06,24.0,1569622770086
0.0,0.0,5.06,24.0,1569622770177
0.0,0.0,5.06,24.0,1569622770354
0.0,0.0,5.06,24.0,1569622770379
0.0,0.0,5.06,24.0,1569622770626
0.0,0.0,5.06,24.0,1569622770626
0.0,0.0,5.06,24.0,1569622770684
0.0,0.0,5.06,24.0,1569622770909
0.0,0.0,5.06,24.0,1569622770911
0.0,0.0,5.06,24.0,1569622770987
0.0,0.0,5.09,24.0,1569622771199
0.0,0.0,5.09,24.0,1569622771202
0.0,0.0,5.09,24.0,1569622771291
0.0,0.0,5.09,24.0,1569622771494
0.0,0.0,5.09,24.0,1569622771595
0.0,0.0,5.09,24.0,1569622771764
0.0,0.0,5.09,24.0,1569622771798
0.0,0.0,5.09,24.0,1569622772075
0.0,0.0,5.09,24.0,1569622772078
0.0,0.0,5.12,24.0,1569622772102
0.0,0.0,5.12,24.0,1569622772377
0.0,0.0,5.12,24.0,1569622772392
0.0,0.0,5.12,24.0,1569622772406
0.0,0.0,5.12,24.0,1569622772685
0.0,0.0,5.12,24.0,1569622772686
0.0,0.0,5.12,24.0,1569622772710
0.0,0.0,5.14,24.0,1569622772988
0.0,0.0,5.14,24.0,1569622772989
0.0,0.0,5.14,24.0,1569622773015
0.0,0.0,5.14,24.0,1569622773291
0.0,0.0,5.14,24.0,1569622773291
0.0,0.0,5.14,24.0,1569622773318
0.0,0.0,5.14,24.0,1569622773419
0.0,0.0,5.14,24.0,1569622773521
0.0,0.0,5.14,24.0,1569622773622
0.0,0.0,5.14,24.0,1569622773723
0.0,0.0,5.14,24.0,1569622773872
0.0,0.0,5.14,24.0,1569622773928
0.0,0.0,5.14,24.0,1569622774027
0.0,0.0,5.14,24.0,1569622774179
0.0,0.0,5.12,24.0,1569622774230
0.0,0.0,5.12,24.0,1569622774331
0.0,0.0,5.12,24.0,1569622774486
0.0,0.0,5.12,24.0,1569622775005
0.0,0.0,5.12,24.0,1569622775008
0.0,0.0,5.12,24.0,1569622775009
0.0,0.0,5.12,24.0,1569622775009
0.0,0.0,5.12,24.0,1569622775009
0.0,0.0,5.12,24.0,1569622775041
0.0,0.0,5.12,24.0,1569622775142
0.0,0.0,5.12,24.0,1569622775244
0.0,0.0,5.12,24.0,1569622775345
0.0,0.0,5.09,24.0,1569622775446
0.0,0.0,5.09,24.0,1569622775547
0.0,0.0,5.09,24.0,1569622775715
0.0,0.0,5.09,24.0,1569622775750
0.0,0.0,5.09,24.0,1569622775851
0.0,0.0,5.09,24.0,1569622776022
0.0,0.0,5.09,24.0,1569622776056
0.0,0.0,5.09,24.0,1569622776156
0.0,0.0,5.06,24.0,1569622776351
0.0,0.0,5.06,24.0,1569622776358
0.0,0.0,5.06,24.0,1569622776459
0.0,0.0,5.06,24.0,1569622776630
0.0,0.0,5.06,24.0,1569622776662
0.0,0.0,5.06,24.0,1569622776913
0.0,0.0,5.06,24.0,1569622776913
0.0,0.0,5.06,24.0,1569622776968
0.0,0.0,5.03,24.0,1569622777192
0.0,0.0,5.03,24.0,1569622777193
0.0,0.0,5.03,24.0,1569622777270
0.0,0.0,5.03,24.0,1569622777476
0.0,0.0,5.03,24.0,1569622777477
0.0,0.0,5.03,24.0,1569622777574
0.0,0.0,5.03,24.0,1569622777756
0.0,0.0,5.06,24.0,1569622777777
0.0,0.0,5.06,24.0,1569622778060
0.0,0.0,5.06,24.0,1569622778060
0.0,0.0,5.06,24.0,1569622778081
0.0,0.0,5.06,24.0,1569622778366
0.0,0.0,5.06,24.0,1569622778367
0.0,0.0,5.06,24.0,1569622778384
0.0,0.0,5.06,24.0,1569622778671
0.0,0.0,5.06,24.0,1569622778683
0.0,0.0,5.06,24.0,1569622778689
0.0,0.0,5.06,24.0,1569622778977
0.0,0.0,5.06,24.0,1569622778978
0.0,0.0,5.06,24.0,1569622778994
0.0,0.0,5.06,24.0,1569622779094
0.0,0.0,5.06,24.0,1569622779279
0.0,0.0,5.06,24.0,1569622779296
0.0,0.0,5.06,24.0,1569622779399
0.0,0.0,5.06,24.0,1569622779993
0.0,0.0,5.06,24.0,1569622779994
0.0,0.0,5.06,24.0,1569622779995
0.0,0.0,5.06,24.0,1569622779995
0.0,0.0,5.06,24.0,1569622779995
0.0,0.0,5.06,24.0,1569622780008
0.0,0.0,5.06,24.0,1569622780107
0.0,0.0,5.06,24.0,1569622780208
0.0,0.0,5.06,24.0,1569622780309
0.0,0.0,5.06,24.0,1569622780426
0.0,0.0,5.06,24.0,1569622780512
0.0,0.0,5.06,24.0,1569622780613
0.0,0.0,5.06,24.0,1569622780733
0.0,0.0,5.06,24.0,1569622780816
0.0,0.0,5.06,24.0,1569622780917
0.0,0.0,5.06,24.0,1569622781041
0.0,0.0,5.06,24.0,1569622781121
0.0,0.0,5.03,24.0,1569622781221
0.0,0.0,5.03,24.0,1569622781347
0.0,0.0,5.03,24.0,1569622781424
0.0,0.0,5.03,24.0,1569622781525
0.0,0.0,5.03,24.0,1569622781627
0.0,0.0,5.03,24.0,1569622781728
0.0,0.0,5.03,24.0,1569622781863
0.0,0.0,5.03,24.0,1569622781933
0.0,0.0,5.03,24.0,1569622782034
0.0,0.0,5.03,24.0,1569622782167
0.0,0.0,5.03,24.0,1569622782235
0.0,0.0,5.03,24.0,1569622782336
0.0,0.0,5.03,24.0,1569622782437
0.0,0.0,5.03,24.0,1569622782539
0.0,0.0,5.03,24.0,1569622782640
0.0,0.0,5.03,24.0,1569622782741
0.0,0.0,5.03,24.0,1569622782885
0.0,0.0,5.03,24.0,1569622782944
0.0,0.0,5.03,24.0,1569622783047
0.0,0.0,5.03,24.0,1569622783191
0.0,0.0,5.03,24.0,1569622783248
0.0,0.0,5.03,24.0,1569622783349
0.0,0.0,5.01,24.0,1569622783498
0.0,0.0,5.01,24.0,1569622783552
0.0,0.0,5.01,24.0,1569622783653
0.0,0.0,5.01,24.0,1569622783755
0.0,0.0,5.01,24.0,1569622783857
0.0,0.0,5.01,24.0,1569622783957
0.0,0.0,5.01,24.0,1569622784061
0.0,0.0,5.01,24.0,1569622784215
0.0,0.0,5.01,24.0,1569622784261
0.0,0.0,5.01,24.0,1569622784363
0.0,0.0,5.01,24.0,1569622784522
0.0,0.0,5.01,24.0,1569622784566
0.0,0.0,5.01,24.0,1569622784667
0.0,0.0,5.01,24.0,1569622784768
0.0,0.0,5.01,24.0,1569622784869
0.0,0.0,5.01,24.0,1569622784971
0.0,0.0,5.01,24.0,1569622785074
0.0,0.0,5.01,24.0,1569622785239
0.0,0.0,5.01,24.0,1569622785275
0.0,0.0,5.01,24.0,1569622785376
0.0,0.0,5.01,24.0,1569622785546
0.0,0.0,5.01,24.0,1569622785579
0.0,0.0,5.01,24.0,1569622785680
0.0,0.0,5.01,24.0,1569622786365
0.0,0.0,5.01,24.0,1569622786366
0.0,0.0,5.01,24.0,1569622786366
0.0,0.0,5.01,24.0,1569622786366
0.0,0.0,5.01,24.0,1569622786366
0.0,0.0,5.01,24.0,1569622786366
0.0,0.0,5.01,24.0,1569622786390
0.0,0.0,5.01,24.0,1569622786491
0.0,0.0,5.01,24.0,1569622786592
0.0,0.0,5.01,24.0,1569622786694
0.0,0.0,5.01,24.0,1569622786877
0.0,0.0,5.01,24.0,1569622786896
0.0,0.0,5.01,24.0,1569622786997
0.0,0.0,4.98,24.0,1569622787184
0.0,0.0,4.98,24.0,1569622787201
0.0,0.0,4.98,24.0,1569622787301
0.0,0.0,4.98,24.0,1569622787403
0.0,0.0,4.98,24.0,1569622787504
0.0,0.0,4.98,24.0,1569622787607
0.0,0.0,4.98,24.0,1569622787707
0.0,0.0,4.98,24.0,1569622787902
0.0,0.0,4.98,24.0,1569622787918
0.0,0.0,4.98,24.0,1569622788011
0.0,0.0,4.98,24.0,1569622788208
0.0,0.0,4.98,24.0,1569622788214
0.0,0.0,4.98,24.0,1569622788315
0.0,0.0,4.98,24.0,1569622788516
0.0,0.0,4.98,24.0,1569622788518
0.0,0.0,4.98,24.0,1569622788619
0.0,0.0,4.98,24.0,1569622788720
0.0,0.0,4.98,24.0,1569622788821
0.0,0.0,4.98,24.0,1569622788923
0.0,0.0,4.98,24.0,1569622789024
0.0,0.0,4.98,24.0,1569622789232
0.0,0.0,4.98,24.0,1569622789233
0.0,0.0,4.98,24.0,1569622789329
0.0,0.0,4.98,24.0,1569622789429
0.0,0.0,4.98,24.0,1569622789642
0.0,0.0,4.98,24.0,1569622789642
0.0,0.0,4.98,24.0,1569622789733
0.0,0.0,4.98,24.0,1569622789835
0.0,0.0,4.98,24.0,1569622789936
0.0,0.0,4.98,24.0,1569622790037
0.0,0.0,4.98,24.0,1569622790152
0.0,0.0,4.98,24.0,1569622790241
0.0,0.0,4.98,24.0,1569622790341
0.0,0.0,4.98,24.0,1569622790461
0.0,0.0,4.98,24.0,1569622790544
0.0,0.0,4.98,24.0,1569622790973
0.0,0.0,4.98,24.0,1569622791051
0.0,0.0,4.98,24.0,1569622791154
0.0,0.0,4.98,24.0,1569622791280
0.0,0.0,4.98,24.0,1569622791355
0.0,0.0,4.98,24.0,1569622791456
0.0,0.0,4.98,24.0,1569622791557
0.0,0.0,4.98,24.0,1569622791659
0.0,0.0,4.98,24.0,1569622791793
0.0,0.0,4.98,24.0,1569622791861
0.0,0.0,4.98,24.0,1569622791963
0.0,0.0,4.98,24.0,1569622792100
0.0,0.0,4.98,24.0,1569622792267
0.0,0.0,4.98,24.0,1569622792407
0.0,0.0,4.98,24.0,1569622792469
0.0,0.0,4.98,24.0,1569622792571
0.0,0.0,4.98,24.0,1569622792674
0.0,0.0,4.98,24.0,1569622792773
0.0,0.0,4.95,24.0,1569622792919
0.0,0.0,4.95,24.0,1569622793090
0.0,0.0,4.95,24.0,1569622793090
0.0,0.0,4.95,24.0,1569622793181
0.0,0.0,4.95,24.0,1569622793371
0.0,0.0,4.95,24.0,1569622793381
0.0,0.0,4.95,24.0,1569622793483
0.0,0.0,4.95,24.0,1569622793651
0.0,0.0,4.95,24.0,1569622793685
0.0,0.0,4.95,24.0,1569622794247
0.0,0.0,4.95,24.0,1569622794272
0.0,0.0,4.95,24.0,1569622794273
0.0,0.0,4.95,24.0,1569622794273
0.0,0.0,4.95,24.0,1569622794274
0.0,0.0,4.95,24.0,1569622794293
0.0,0.0,4.95,24.0,1569622794484
0.0,0.0,4.95,24.0,1569622794497
0.0,0.0,4.95,24.0,1569622794597
0.0,0.0,4.95,24.0,1569622794788
0.0,0.0,4.95,24.0,1569622794800
0.0,0.0,4.95,24.0,1569622794901
0.0,0.0,4.95,24.0,1569622795099
0.0,0.0,4.95,24.0,1569622795120
0.0,0.0,4.95,24.0,1569622795207
0.0,0.0,4.92,24.0,1569622795406
0.0,0.0,4.92,24.0,1569622795409
0.0,0.0,4.92,24.0,1569622795509
0.0,0.0,4.92,24.0,1569622795709
0.0,0.0,4.92,24.0,1569622795713
0.0,0.0,4.92,24.0,1569622795813
35.16313171386719,139.6149444580078,4.92,24.0,1569622795814
0.0,0.0,4.92,24.0,1569622796027
0.0,0.0,4.92,24.0,1569622796028
0.0,0.0,4.92,24.0,1569622796117
0.0,0.0,4.92,24.0,1569622796358
0.0,0.0,4.92,24.0,1569622796361
0.0,0.0,4.92,24.0,1569622796422
0.0,0.0,4.92,24.0,1569622796628
0.0,0.0,4.92,24.0,1569622796628
0.0,0.0,4.92,24.0,1569622796726
0.0,0.0,4.92,24.0,1569622796921
0.0,0.0,4.92,24.0,1569622796928
0.0,0.0,4.92,24.0,1569622797029
0.0,0.0,4.92,24.0,1569622797209
0.0,0.0,4.92,24.0,1569622797234
0.0,0.0,4.92,24.0,1569622797498
0.0,0.0,4.92,24.0,1569622797512
0.0,0.0,4.92,24.0,1569622797536
0.0,0.0,4.92,24.0,1569622797776
0.0,0.0,4.92,24.0,1569622797777
0.0,0.0,4.92,24.0,1569622797840
0.0,0.0,4.92,24.0,1569622798082
0.0,0.0,4.92,24.0,1569622798083
0.0,0.0,4.92,24.0,1569622798144
0.0,0.0,4.92,24.0,1569622798386
35.16313552856445,139.61492919921875,4.92,24.0,1569622798386
0.0,0.0,4.92,24.0,1569622798387
0.0,0.0,4.92,24.0,1569622798448
0.0,0.0,4.92,24.0,1569622798690
0.0,0.0,4.92,24.0,1569622798691
0.0,0.0,4.92,24.0,1569622799297
0.0,0.0,4.92,24.0,1569622799297
0.0,0.0,4.92,24.0,1569622799300
0.0,0.0,4.92,24.0,1569622799300
0.0,0.0,4.92,24.0,1569622799301
0.0,0.0,4.92,24.0,1569622799301
0.0,0.0,4.92,24.0,1569622799360
0.0,0.0,4.92,24.0,1569622799461
0.0,0.0,4.92,24.0,1569622799562
0.0,0.0,4.92,24.0,1569622799677
0.0,0.0,4.92,24.0,1569622799765
0.0,0.0,4.92,24.0,1569622799867
0.0,0.0,4.9,24.0,1569622799985
0.0,0.0,4.9,24.0,1569622800069
0.0,0.0,4.9,24.0,1569622800171
0.0,0.0,4.9,24.0,1569622800292
0.0,0.0,4.9,24.0,1569622800373
0.0,0.0,4.9,24.0,1569622800474
0.0,0.0,4.9,24.0,1569622800576
0.0,0.0,4.9,24.0,1569622800677
0.0,0.0,4.9,24.0,1569622800803
0.0,0.0,4.9,24.0,1569622800880
0.0,0.0,4.9,24.0,1569622800981
0.0,0.0,4.9,24.0,1569622801111
0.0,0.0,4.9,24.0,1569622801184
0.0,0.0,4.87,24.0,1569622801288
0.0,0.0,4.87,24.0,1569622801418
0.0,0.0,4.87,24.0,1569622801487
0.0,0.0,4.87,24.0,1569622801589
0.0,0.0,4.87,24.0,1569622801690
0.0,0.0,4.87,24.0,1569622801791
0.0,0.0,4.87,24.0,1569622801930
35.16313552856445,139.6149444580078,4.87,24.0,1569622801931
0.0,0.0,4.87,24.0,1569622801994
0.0,0.0,4.87,24.0,1569622802095
0.0,0.0,4.87,24.0,1569622802236
0.0,0.0,4.87,24.0,1569622802300
0.0,0.0,4.87,24.0,1569622802399
0.0,0.0,4.87,24.0,1569622802501
0.0,0.0,4.87,24.0,1569622802602
0.0,0.0,4.87,24.0,1569622802703
0.0,0.0,4.87,24.0,1569622802805
0.0,0.0,4.87,24.0,1569622802954
0.0,0.0,4.87,24.0,1569622803008
0.0,0.0,4.87,24.0,1569622803109
0.0,0.0,4.87,24.0,1569622803260
0.0,0.0,4.87,24.0,1569622803313
0.0,0.0,4.87,24.0,1569622803413
0.0,0.0,4.87,24.0,1569622803568
0.0,0.0,4.87,24.0,1569622803615
0.0,0.0,4.87,24.0,1569622803717
0.0,0.0,4.87,24.0,1569622804285
0.0,0.0,4.87,24.0,1569622804286
0.0,0.0,4.87,24.0,1569622804287
0.0,0.0,4.87,24.0,1569622804287
0.0,0.0,4.87,24.0,1569622804287
0.0,0.0,4.87,24.0,1569622804327
0.0,0.0,4.87,24.0,1569622804426
0.0,0.0,4.87,24.0,1569622804527
0.0,0.0,4.87,24.0,1569622804629
0.0,0.0,4.87,24.0,1569622804797
0.0,0.0,4.87,24.0,1569622804832
0.0,0.0,4.87,24.0,1569622804933
0.0,0.0,4.87,24.0,1569622805104
0.0,0.0,4.87,24.0,1569622805135
0.0,0.0,4.87,24.0,1569622805237
0.0,0.0,4.87,24.0,1569622805411
35.16313171386719,139.6149444580078,4.87,24.0,1569622805412
0.0,0.0,4.87,24.0,1569622805440
0.0,0.0,4.87,24.0,1569622805541
0.0,0.0,4.87,24.0,1569622805643
0.0,0.0,4.87,24.0,1569622805743
0.0,0.0,4.87,24.0,1569622805924
0.0,0.0,4.87,24.0,1569622805946
0.0,0.0,4.87,24.0,1569622806047
0.0,0.0,4.87,24.0,1569622806231
0.0,0.0,4.87,24.0,1569622806353
0.0,0.0,4.87,24.0,1569622806452
0.0,0.0,4.87,24.0,1569622806554
0.0,0.0,4.87,24.0,1569622806656
0.0,0.0,4.87,24.0,1569622806757
0.0,0.0,4.87,24.0,1569622806858
0.0,0.0,4.87,24.0,1569622807051
0.0,0.0,4.87,24.0,1569622807061
0.0,0.0,4.87,24.0,1569622807162
0.0,0.0,4.87,24.0,1569622807356
0.0,0.0,4.87,24.0,1569622807367
0.0,0.0,4.87,24.0,1569622807466
0.0,0.0,4.87,24.0,1569622807567
0.0,0.0,4.87,24.0,1569622807668
0.0,0.0,4.87,24.0,1569622807791
35.16313171386719,139.6149444580078,4.87,24.0,1569622807792
0.0,0.0,4.87,24.0,1569622807871
0.0,0.0,4.87,24.0,1569622807972
0.0,0.0,4.87,24.0,1569622808074
0.0,0.0,4.87,24.0,1569622808175
0.0,0.0,4.87,24.0,1569622808381
0.0,0.0,4.87,24.0,1569622808382
0.0,0.0,4.87,24.0,1569622808480
0.0,0.0,4.87,24.0,1569622808580
0.0,0.0,4.87,24.0,1569622808688
0.0,0.0,4.87,24.0,1569622808825
0.0,0.0,4.87,24.0,1569622808884
0.0,0.0,4.87,24.0,1569622808995
0.0,0.0,4.87,24.0,1569622809087
0.0,0.0,4.87,24.0,1569622809188
0.0,0.0,4.87,24.0,1569622809303
0.0,0.0,4.87,24.0,1569622809814
0.0,0.0,4.87,24.0,1569622809829
0.0,0.0,4.87,24.0,1569622809830
0.0,0.0,4.87,24.0,1569622809830
0.0,0.0,4.87,24.0,1569622809830
0.0,0.0,4.87,24.0,1569622809898
0.0,0.0,4.87,24.0,1569622809999
0.0,0.0,4.87,24.0,1569622810201
0.0,0.0,4.87,24.0,1569622810327
0.0,0.0,4.87,24.0,1569622810408
0.0,0.0,4.87,24.0,1569622810507
0.0,0.0,4.87,24.0,1569622810609
0.0,0.0,4.87,24.0,1569622810710
0.0,0.0,4.87,24.0,1569622810839
0.0,0.0,4.87,24.0,1569622810913
0.0,0.0,4.87,24.0,1569622811014
0.0,0.0,4.87,24.0,1569622811146
0.0,0.0,4.87,24.0,1569622811217
0.0,0.0,4.87,24.0,1569622811318
0.0,0.0,4.87,24.0,1569622811451
35.16313171386719,139.6149444580078,4.87,24.0,1569622811452
0.0,0.0,4.87,24.0,1569622811521
0.0,0.0,4.87,24.0,1569622811622
0.0,0.0,4.87,24.0,1569622811724
0.0,0.0,4.87,24.0,1569622811825
0.0,0.0,4.87,24.0,1569622811965
0.0,0.0,4.87,24.0,1569622812028
0.0,0.0,4.87,24.0,1569622812129
0.0,0.0,4.87,24.0,1569622812272
0.0,0.0,4.87,24.0,1569622812331
0.0,0.0,4.87,24.0,1569622812435
0.0,0.0,4.87,24.0,1569622812534
0.0,0.0,4.87,24.0,1569622812635
0.0,0.0,4.87,24.0,1569622812737
0.0,0.0,4.87,24.0,1569622812838
0.0,0.0,4.87,24.0,1569622812940
0.0,0.0,4.87,24.0,1569622813041
0.0,0.0,4.87,24.0,1569622813142
0.0,0.0,4.87,24.0,1569622813244
0.0,0.0,4.87,24.0,1569622813399
0.0,0.0,4.87,24.0,1569622813449
0.0,0.0,4.87,24.0,1569622813548
0.0,0.0,4.87,24.0,1569622813706
0.0,0.0,4.87,24.0,1569622813751
0.0,0.0,4.87,24.0,1569622813852
0.0,0.0,4.87,24.0,1569622813953
0.0,0.0,4.87,24.0,1569622814055
0.0,0.0,4.87,24.0,1569622814156
0.0,0.0,4.87,24.0,1569622814257
0.0,0.0,4.87,24.0,1569622814812
0.0,0.0,4.87,24.0,1569622814817
0.0,0.0,4.87,24.0,1569622814818
0.0,0.0,4.87,24.0,1569622814819
0.0,0.0,4.87,24.0,1569622814819
0.0,0.0,4.87,24.0,1569622814865
35.16313171386719,139.6149444580078,4.87,24.0,1569622814866
0.0,0.0,4.87,24.0,1569622814966
0.0,0.0,4.87,24.0,1569622815068
0.0,0.0,4.87,24.0,1569622815169
0.0,0.0,4.87,24.0,1569622815344
0.0,0.0,4.87,24.0,1569622815372
0.0,0.0,4.87,24.0,1569622815475
0.0,0.0,4.87,24.0,1569622815651
0.0,0.0,4.87,24.0,1569622815676
0.0,0.0,4.87,24.0,1569622815777
0.0,0.0,4.87,24.0,1569622815959
0.0,0.0,4.87,24.0,1569622815980
0.0,0.0,4.87,24.0,1569622816081
0.0,0.0,4.87,24.0,1569622816195
0.0,0.0,4.87,24.0,1569622816354
0.0,0.0,4.87,24.0,1569622816386
0.0,0.0,4.87,24.0,1569622816626
0.0,0.0,4.87,24.0,1569622816626
0.0,0.0,4.87,24.0,1569622816689
0.0,0.0,4.87,24.0,1569622816922
0.0,0.0,4.87,24.0,1569622816922
0.0,0.0,4.87,24.0,1569622816993
0.0,0.0,4.87,24.0,1569622817212
0.0,0.0,4.87,24.0,1569622817213
0.0,0.0,4.87,24.0,1569622817297
0.0,0.0,4.87,24.0,1569622817501
0.0,0.0,4.87,24.0,1569622817502
0.0,0.0,4.87,24.0,1569622817601
0.0,0.0,4.87,24.0,1569622817792
0.0,0.0,4.87,24.0,1569622817808
0.0,0.0,4.87,24.0,1569622817905
0.0,0.0,4.87,24.0,1569622818101
0.0,0.0,4.87,24.0,1569622818107
0.0,0.0,4.87,24.0,1569622818209
0.0,0.0,4.87,24.0,1569622818406
0.0,0.0,4.87,24.0,1569622818411
0.0,0.0,4.84,24.0,1569622818516
0.0,0.0,4.84,24.0,1569622818713
0.0,0.0,4.84,24.0,1569622818715
0.0,0.0,4.84,24.0,1569622818816
0.0,0.0,4.84,24.0,1569622819021
0.0,0.0,4.84,24.0,1569622819039
0.0,0.0,4.84,24.0,1569622819121
0.0,0.0,4.84,24.0,1569622819811
0.0,0.0,4.87,24.0,1569622819812
35.16313171386719,139.6149444580078,4.87,24.0,1569622819813
0.0,0.0,4.87,24.0,1569622819818
0.0,0.0,4.87,24.0,1569622819819
0.0,0.0,4.87,24.0,1569622819819
0.0,0.0,4.87,24.0,1569622819819
0.0,0.0,4.87,24.0,1569622819836
0.0,0.0,4.87,24.0,1569622819931
0.0,0.0,4.87,24.0,1569622820033
0.0,0.0,4.87,24.0,1569622820133
0.0,0.0,4.87,24.0,1569622820257
0.0,0.0,4.87,24.0,1569622820343
0.0,0.0,4.87,24.0,1569622820438
0.0,0.0,4.87,24.0,1569622820566
0.0,0.0,4.87,24.0,1569622820640
0.0,0.0,4.87,24.0,1569622820741
0.0,0.0,4.87,24.0,1569622820874
0.0,0.0,4.87,24.0,1569622820944
0.0,0.0,4.87,24.0,1569622821045
0.0,0.0,4.87,24.0,1569622821181
0.0,0.0,4.87,24.0,1569622821248
0.0,0.0,4.87,24.0,1569622821350
0.0,0.0,4.9,24.0,1569622821488
0.0,0.0,4.9,24.0,1569622821554
0.0,0.0,4.9,24.0,1569622821654
0.0,0.0,4.9,24.0,1569622821755
0.0,0.0,4.9,24.0,1569622821857
0.0,0.0,4.9,24.0,1569622821958
0.0,0.0,4.9,24.0,1569622822059
0.0,0.0,4.9,24.0,1569622822205
0.0,0.0,4.9,24.0,1569622822262
0.0,0.0,4.9,24.0,1569622822364
0.0,0.0,4.9,24.0,1569622822465
0.0,0.0,4.92,24.0,1569622822569
0.0,0.0,4.92,24.0,1569622822717
0.0,0.0,4.92,24.0,1569622822769
0.0,0.0,4.92,24.0,1569622822870
0.0,0.0,4.92,24.0,1569622822973
0.0,0.0,4.92,24.0,1569622823072
0.0,0.0,4.92,24.0,1569622823229
0.0,0.0,4.92,24.0,1569622823275
0.0,0.0,4.92,24.0,1569622823376
0.0,0.0,4.92,24.0,1569622823536
0.0,0.0,4.92,24.0,1569622823584
0.0,0.0,4.92,24.0,1569622823681
0.0,0.0,4.92,24.0,1569622823843
0.0,0.0,4.92,24.0,1569622823884
0.0,0.0,4.92,24.0,1569622823985
0.0,0.0,4.92,24.0,1569622824150
0.0,0.0,4.92,24.0,1569622824188
0.0,0.0,4.92,24.0,1569622824289
0.0,0.0,4.92,24.0,1569622824812
0.0,0.0,4.92,24.0,1569622824813
0.0,0.0,4.92,24.0,1569622824813
0.0,0.0,4.92,24.0,1569622824821
0.0,0.0,4.92,24.0,1569622824821
0.0,0.0,4.92,24.0,1569622824897
0.0,0.0,4.92,24.0,1569622824998
0.0,0.0,4.9,24.0,1569622825099
0.0,0.0,4.9,24.0,1569622825201
0.0,0.0,4.9,24.0,1569622825379
0.0,0.0,4.9,24.0,1569622825404
0.0,0.0,4.9,24.0,1569622825505
0.0,0.0,4.9,24.0,1569622825686
0.0,0.0,4.9,24.0,1569622825707
0.0,0.0,4.9,24.0,1569622825809
0.0,0.0,4.9,24.0,1569622825994
0.0,0.0,4.87,24.0,1569622826011
0.0,0.0,4.87,24.0,1569622826112
0.0,0.0,4.87,24.0,1569622826300
0.0,0.0,4.87,24.0,1569622826317
0.0,0.0,4.87,24.0,1569622826416
0.0,0.0,4.87,24.0,1569622826608
0.0,0.0,4.87,24.0,1569622826621
0.0,0.0,4.87,24.0,1569622826822
0.0,0.0,4.87,24.0,1569622826923
0.0,0.0,4.87,24.0,1569622827121
0.0,0.0,4.87,24.0,1569622827125
0.0,0.0,4.84,24.0,1569622827227
0.0,0.0,4.84,24.0,1569622827427
0.0,0.0,4.84,24.0,1569622827430
0.0,0.0,4.84,24.0,1569622827531
0.0,0.0,4.84,24.0,1569622827734
0.0,0.0,4.84,24.0,1569622827735
0.0,0.0,4.84,24.0,1569622827835
0.0,0.0,4.84,24.0,1569622827937
0.0,0.0,4.84,24.0,1569622828038
0.0,0.0,4.84,24.0,1569622828142
0.0,0.0,4.84,24.0,1569622828240
0.0,0.0,4.84,24.0,1569622828341
0.0,0.0,4.84,24.0,1569622828451
0.0,0.0,4.84,24.0,1569622828544
0.0,0.0,4.84,24.0,1569622828648
0.0,0.0,4.84,24.0,1569622828758
0.0,0.0,4.84,24.0,1569622828848
0.0,0.0,4.84,24.0,1569622828949
0.0,0.0,4.84,24.0,1569622829066
0.0,0.0,4.84,24.0,1569622829152
0.0,0.0,4.84,24.0,1569622829253
0.0,0.0,4.84,24.0,1569622829812
0.0,0.0,4.84,24.0,1569622829814
0.0,0.0,4.84,24.0,1569622829815
0.0,0.0,4.84,24.0,1569622829815
0.0,0.0,4.84,24.0,1569622829815
0.0,0.0,4.84,24.0,1569622829862
0.0,0.0,4.84,24.0,1569622829963
0.0,0.0,4.84,24.0,1569622830064
0.0,0.0,4.84,24.0,1569622830165
0.0,0.0,4.87,24.0,1569622830294
0.0,0.0,4.87,24.0,1569622830368
0.0,0.0,4.87,24.0,1569622830469
0.0,0.0,4.87,24.0,1569622830602
0.0,0.0,4.87,24.0,1569622830674
0.0,0.0,4.87,24.0,1569622830773
0.0,0.0,4.87,24.0,1569622830909
35.16313171386719,139.6149444580078,4.87,24.0,1569622830909
0.0,0.0,4.87,24.0,1569622830976
0.0,0.0,4.87,24.0,1569622831077
0.0,0.0,4.87,24.0,1569622831216
0.0,0.0,4.87,24.0,1569622831280
0.0,0.0,4.87,24.0,1569622831381
0.0,0.0,4.87,24.0,1569622831524
0.0,0.0,4.87,24.0,1569622831584
0.0,0.0,4.87,24.0,1569622831687
0.0,0.0,4.87,24.0,1569622831786
0.0,0.0,4.87,24.0,1569622831888
0.0,0.0,4.87,24.0,1569622831989
0.0,0.0,4.87,24.0,1569622832090
0.0,0.0,4.87,24.0,1569622832240
0.0,0.0,4.87,24.0,1569622832293
0.0,0.0,4.87,24.0,1569622832394
0.0,0.0,4.87,24.0,1569622832547
0.0,0.0,4.87,24.0,1569622832597
0.0,0.0,4.87,24.0,1569622832703
0.0,0.0,4.87,24.0,1569622832800
0.0,0.0,4.87,24.0,1569622832901
0.0,0.0,4.87,24.0,1569622833002
0.0,0.0,4.87,24.0,1569622833104
0.0,0.0,4.87,24.0,1569622833264
0.0,0.0,4.87,24.0,1569622833306
0.0,0.0,4.87,24.0,1569622833408
0.0,0.0,4.87,24.0,1569622833571
0.0,0.0,4.87,24.0,1569622833610
0.0,0.0,4.87,24.0,1569622833714
0.0,0.0,4.87,24.0,1569622833878
0.0,0.0,4.87,24.0,1569622833914
0.0,0.0,4.87,24.0,1569622834016
0.0,0.0,4.87,24.0,1569622834186
0.0,0.0,4.87,24.0,1569622834218
0.0,0.0,4.87,24.0,1569622834524
0.0,0.0,4.87,24.0,1569622834624
0.0,0.0,4.87,24.0,1569622834801
0.0,0.0,4.87,24.0,1569622834829
0.0,0.0,4.87,24.0,1569622834928
0.0,0.0,4.87,24.0,1569622835029
0.0,0.0,4.87,24.0,1569622835130
0.0,0.0,4.87,24.0,1569622835742
0.0,0.0,4.87,24.0,1569622835840
0.0,0.0,4.87,24.0,1569622836030
0.0,0.0,4.87,24.0,1569622836042
0.0,0.0,4.87,24.0,1569622836144
0.0,0.0,4.87,24.0,1569622836371
0.0,0.0,4.87,24.0,1569622836372
0.0,0.0,4.87,24.0,1569622836447
0.0,0.0,4.87,24.0,1569622836641
0.0,0.0,4.87,24.0,1569622836650
0.0,0.0,4.87,24.0,1569622836753
0.0,0.0,4.87,24.0,1569622836933
0.0,0.0,4.87,24.0,1569622836956
0.0,0.0,4.87,24.0,1569622837215
0.0,0.0,4.87,24.0,1569622837215
0.0,0.0,4.87,24.0,1569622837258
0.0,0.0,4.87,24.0,1569622837502
0.0,0.0,4.87,24.0,1569622837503
0.0,0.0,4.87,24.0,1569622837562
0.0,0.0,4.87,24.0,1569622837780
0.0,0.0,4.87,24.0,1569622837781
0.0,0.0,4.87,24.0,1569622837866
0.0,0.0,4.87,24.0,1569622838083
0.0,0.0,4.87,24.0,1569622838084
0.0,0.0,4.87,24.0,1569622838170
0.0,0.0,4.87,24.0,1569622838389
0.0,0.0,4.87,24.0,1569622838389
0.0,0.0,4.87,24.0,1569622838474
0.0,0.0,4.87,24.0,1569622838692
0.0,0.0,4.87,24.0,1569622838692
0.0,0.0,4.87,24.0,1569622838780
0.0,0.0,4.87,24.0,1569622838999
0.0,0.0,4.87,24.0,1569622839002
0.0,0.0,4.87,24.0,1569622839082
0.0,0.0,4.87,24.0,1569622839299
0.0,0.0,4.87,24.0,1569622839301
0.0,0.0,4.87,24.0,1569622839386
0.0,0.0,4.87,24.0,1569622839487
0.0,0.0,4.87,24.0,1569622839589
0.0,0.0,4.87,24.0,1569622839690
0.0,0.0,4.87,24.0,1569622839793
0.0,0.0,4.87,24.0,1569622839895
0.0,0.0,4.87,24.0,1569622839994
0.0,0.0,4.87,24.0,1569622840637
0.0,0.0,4.87,24.0,1569622840647
0.0,0.0,4.87,24.0,1569622840647
0.0,0.0,4.87,24.0,1569622840649
0.0,0.0,4.87,24.0,1569622840649
0.0,0.0,4.87,24.0,1569622840649
0.0,0.0,4.87,24.0,1569622840704
0.0,0.0,4.87,24.0,1569622840906
0.0,0.0,4.87,24.0,1569622841008
0.0,0.0,4.87,24.0,1569622841149
0.0,0.0,4.87,24.0,1569622841211
0.0,0.0,4.87,24.0,1569622841311
0.0,0.0,4.87,24.0,1569622841456
0.0,0.0,4.87,24.0,1569622841514
0.0,0.0,4.87,24.0,1569622841615
0.0,0.0,4.87,24.0,1569622841763
35.16313171386719,139.61492919921875,4.87,24.0,1569622841766
0.0,0.0,4.87,24.0,1569622841820
0.0,0.0,4.87,24.0,1569622841920
0.0,0.0,4.87,24.0,1569622842021
0.0,0.0,4.87,24.0,1569622842122
0.0,0.0,4.87,24.0,1569622842275
0.0,0.0,4.87,24.0,1569622842325
0.0,0.0,4.87,24.0,1569622842426
0.0,0.0,4.87,24.0,1569622842582
